day;timestamp;product;bid_price_1;bid_volume_1;bid_price_2;bid_volume_2;bid_price_3;bid_volume_3;ask_price_1;ask_volume_1;ask_price_2;ask_volume_2;ask_price_3;ask_volume_3;mid_price;profit_and_loss
-1;0;PEARLS;10002;1;9996;2;9995;29;10004;2;10005;29;;;10003.0;0.0
-1;0;PINA_COLADAS;14999;38;14998;53;;;15001;38;15002;53;;;15000.0;0.0
-1;0;COCONUTS;7999;162;;;;;8001;55;8002;107;;;8000.0;0.0
-1;0;BANANAS;4951;1;4946;2;4945;29;4952;31;;;;;4951.5;0.0
-1;100;PEARLS;9996;2;9995;22;;;10004;2;10005;22;;;10000.0;4.0
-1;100;COCONUTS;7998;187;;;;;8001;187;;;;;7999.5;0.0
-1;100;PINA_COLADAS;14999;31;14998;64;;;15001;31;15002;64;;;15000.0;0.0
-1;100;BANANAS;4945;24;;;;;4952;24;;;;;4948.5;3.4443359375
-1;200;COCONUTS;7997;191;;;;;8000;191;;;;;7998.5;0.0
-1;200;BANANAS;4945;20;;;;;4952;20;;;;;4948.5;3.79541015625
-1;200;PINA_COLADAS;14998;106;;;;;15001;106;;;;;14999.5;0.0
-1;200;PEARLS;9995;20;;;;;10005;20;;;;;10000.0;4.0
-1;300;PEARLS;9996;2;9995;29;;;10004;2;10005;29;;;10000.0;4.0
-1;300;PINA_COLADAS;14999;35;14998;67;;;15001;35;15002;67;;;15000.0;0.0
-1;300;COCONUTS;7998;187;;;;;8001;187;;;;;7999.5;0.0
-1;300;BANANAS;4945;31;;;;;4952;31;;;;;4948.5;3.60400390625
-1;400;PINA_COLADAS;14998;38;14997;69;;;15000;38;15001;69;;;14999.0;0.0
-1;400;PEARLS;9996;2;9995;25;;;10004;2;10005;25;;;10000.0;4.0
-1;400;COCONUTS;7997;186;;;;;8000;186;;;;;7998.5;0.0
-1;400;BANANAS;4945;27;;;;;4952;27;;;;;4948.5;3.33740234375
-1;500;PEARLS;9995;30;;;;;10002;4;10005;30;;;9998.5;4.0
-1;500;PINA_COLADAS;14997;27;14996;52;;;15000;79;;;;;14998.5;0.0
-1;500;COCONUTS;7996;189;;;;;7998;62;7999;127;;;7997.0;0.0
-1;500;BANANAS;4945;30;;;;;4950;4;4952;30;;;4947.5;3.6669921875
-1;600;COCONUTS;7996;184;;;;;7999;184;;;;;7997.5;0.0
-1;600;BANANAS;4945;25;;;;;4952;25;;;;;4948.5;3.27734375
-1;600;PINA_COLADAS;14998;93;;;;;15001;93;;;;;14999.5;0.0
-1;600;PEARLS;10000;5;9995;25;;;10005;25;;;;;10002.5;4.0
-1;700;PEARLS;9995;23;;;;;10005;23;;;;;10000.0;4.0
-1;700;PINA_COLADAS;15001;103;;;;;15004;103;;;;;15002.5;0.0
-1;700;COCONUTS;7997;165;;;;;8000;165;;;;;7998.5;0.0
-1;700;BANANAS;4945;23;;;;;4952;23;;;;;4948.5;3.4765625
-1;800;PINA_COLADAS;15001;106;;;;;15004;106;;;;;15002.5;0.0
-1;800;PEARLS;9996;1;9995;29;;;10004;1;10005;29;;;10000.0;4.0
-1;800;COCONUTS;7996;191;;;;;7999;191;;;;;7997.5;0.0
-1;800;BANANAS;4944;30;;;;;4951;30;;;;;4947.5;4.6953125
-1;900;BANANAS;4944;1;4943;22;;;4950;23;;;;;4947.0;5.22998046875
-1;900;PEARLS;9996;1;9995;22;;;10004;1;10005;22;;;10000.0;4.0
-1;900;PINA_COLADAS;15000;93;;;;;15003;93;;;;;15001.5;0.0
-1;900;COCONUTS;7996;187;;;;;7998;42;7999;145;;;7997.0;0.0
-1;1000;COCONUTS;7998;199;;;;;8001;199;;;;;7999.5;0.0
-1;1000;BANANAS;4944;26;;;;;4951;26;;;;;4947.5;4.966796875
-1;1000;PINA_COLADAS;15005;86;;;;;15008;86;;;;;15006.5;0.0
-1;1000;PEARLS;9995;26;;;;;10005;26;;;;;10000.0;4.0
-1;1100;BANANAS;4944;26;;;;;4950;2;4951;24;;;4947.0;4.8994140625
-1;1100;PEARLS;9996;2;9995;24;;;10004;2;10005;24;;;10000.0;4.0
-1;1100;PINA_COLADAS;15005;37;15004;74;;;15007;37;15008;74;;;15006.0;0.0
-1;1100;COCONUTS;7997;220;;;;;8000;220;;;;;7998.5;0.0
-1;1200;PINA_COLADAS;15006;33;15005;56;;;15009;89;;;;;15007.5;0.0
-1;1200;PEARLS;9995;21;;;;;9998;1;10005;21;;;9996.5;-4.0
-1;1200;COCONUTS;7997;164;;;;;7999;50;8000;114;;;7998.0;0.0
-1;1200;BANANAS;4944;21;;;;;4951;21;;;;;4947.5;4.5439453125
-1;1300;PEARLS;10002;1;9996;1;9995;30;10004;1;10005;30;;;10003.0;-4.0
-1;1300;BANANAS;4944;31;;;;;4951;31;;;;;4947.5;8.345703125
-1;1300;COCONUTS;7998;148;;;;;8000;47;8001;101;;;7999.0;0.0
-1;1300;PINA_COLADAS;15008;90;;;;;15011;90;;;;;15009.5;0.0
-1;1400;COCONUTS;7998;191;;;;;8001;191;;;;;7999.5;0.0
-1;1400;BANANAS;4945;26;;;;;4951;1;4952;25;;;4948.0;6.162109375
-1;1400;PINA_COLADAS;15006;80;;;;;15009;29;15010;51;;;15007.5;0.0
-1;1400;PEARLS;9996;1;9995;25;;;10004;1;10005;25;;;10000.0;-4.0
-1;1500;PEARLS;9995;27;;;;;10005;27;;;;;10000.0;-4.0
-1;1500;BANANAS;4944;27;;;;;4951;27;;;;;4947.5;7.771484375
-1;1500;PINA_COLADAS;15009;109;;;;;15012;35;15013;74;;;15010.5;0.0
-1;1500;COCONUTS;8000;182;;;;;8001;60;8002;64;8003;118;8000.5;0.0
-1;1600;PINA_COLADAS;15012;30;15011;60;;;15014;30;15015;60;;;15013.0;0.0
-1;1600;PEARLS;9995;29;;;;;10005;29;;;;;10000.0;-4.0
-1;1600;COCONUTS;8000;161;;;;;8003;191;;;;;8001.5;-50.640625
-1;1600;BANANAS;4945;29;;;;;4952;29;;;;;4948.5;6.4140625
-1;1700;PEARLS;9996;2;9995;20;;;10002;1;10004;2;10005;20;9999.0;-2.0
-1;1700;BANANAS;4946;2;4945;20;;;4950;2;4952;22;;;4948.0;3.23046875
-1;1700;PINA_COLADAS;15011;83;;;;;15014;83;;;;;15012.5;0.0
-1;1700;COCONUTS;8000;188;;;;;8003;188;;;;;8001.5;-40.71875
-1;1800;COCONUTS;8001;72;8000;188;;;8003;188;;;;;8002.0;-43.546875
-1;1800;BANANAS;4946;1;4945;22;;;4952;23;;;;;4949.0;3.869140625
-1;1800;PINA_COLADAS;15012;110;;;;;15015;110;;;;;15013.5;0.0
-1;1800;PEARLS;10002;1;9996;1;9995;22;10004;1;10005;22;;;10003.0;-2.0
-1;1900;PEARLS;9996;1;9995;28;;;10004;1;10005;28;;;10000.0;0.0
-1;1900;BANANAS;4950;1;4945;29;;;4952;29;;;;;4951.0;5.87109375
-1;1900;PINA_COLADAS;15010;72;;;;;15013;72;;;;;15011.5;0.0
-1;1900;COCONUTS;8000;169;;;;;8002;68;8003;101;;;8001.0;-30.1875
-1;2000;PINA_COLADAS;15014;28;15013;82;;;15016;82;;;;;15015.0;0.0
-1;2000;PEARLS;9996;2;9995;24;;;9998;1;10004;2;10005;24;9997.0;0.0
-1;2000;COCONUTS;8000;166;;;;;8003;166;;;;;8001.5;-49.640625
-1;2000;BANANAS;4945;26;;;;;4951;2;4952;24;;;4948.0;7.77734375
-1;2100;PEARLS;9996;2;9995;25;;;10002;3;10004;2;10005;25;9999.0;-2.0
-1;2100;BANANAS;4945;27;;;;;4950;3;4952;27;;;4947.5;6.853515625
-1;2100;PINA_COLADAS;15014;82;;;;;15017;82;;;;;15015.5;0.0
-1;2100;COCONUTS;8001;204;;;;;8003;72;8004;132;;;8002.0;-61.90625
-1;2200;COCONUTS;8000;174;;;;;8002;48;8003;126;;;8001.0;-32.078125
-1;2200;BANANAS;4946;8;4945;25;;;4952;25;;;;;4949.0;5.50390625
-1;2200;PINA_COLADAS;15010;86;;;;;15013;20;15014;66;;;15011.5;0.0
-1;2200;PEARLS;9998;8;9996;1;9995;24;10004;1;10005;24;;;10001.0;-2.0
-1;2300;PEARLS;9998;7;9996;2;9995;30;10004;2;10005;30;;;10001.0;-2.0
-1;2300;BANANAS;4946;9;4945;30;;;4952;32;;;;;4949.0;4.392578125
-1;2300;COCONUTS;8000;153;;;;;8003;153;;;;;8001.5;-43.75
-1;2300;PINA_COLADAS;15010;93;;;;;15013;24;15014;69;;;15011.5;0.0
-1;2400;PINA_COLADAS;15009;87;;;;;15012;87;;;;;15010.5;0.0
-1;2400;PEARLS;9995;29;;;;;10005;29;;;;;10000.0;-2.0
-1;2400;COCONUTS;7999;185;;;;;8002;185;;;;;8000.5;-23.890625
-1;2400;BANANAS;4950;3;4947;29;;;4954;29;;;;;4952.0;-4.828125
-1;2500;BANANAS;4947;1;4946;22;;;4949;2;4953;23;;;4948.0;-2.810546875
-1;2500;PINA_COLADAS;15011;38;15010;93;;;15013;93;;;;;15012.0;0.0
-1;2500;PEARLS;9996;1;9995;22;;;10004;1;10005;22;;;10000.0;-2.0
-1;2500;COCONUTS;8000;42;7999;116;;;8002;158;;;;;8001.0;-25.59375
-1;2600;COCONUTS;7999;155;;;;;8002;155;;;;;8000.5;-16.328125
-1;2600;BANANAS;4946;23;;;;;4953;23;;;;;4949.5;-2.05859375
-1;2600;PINA_COLADAS;15009;27;15008;74;;;15011;27;15012;74;;;15010.0;0.0
-1;2600;PEARLS;9995;23;;;;;10005;23;;;;;10000.0;-2.0
-1;2700;BANANAS;4947;6;4946;26;;;4953;26;;;;;4950.0;-4.3359375
-1;2700;PINA_COLADAS;15012;75;;;;;15015;75;;;;;15013.5;0.0
-1;2700;PEARLS;9998;6;9995;26;;;10005;26;;;;;10001.5;-2.0
-1;2700;COCONUTS;7999;210;;;;;8002;210;;;;;8000.5;-23.125
-1;2800;PINA_COLADAS;15007;92;;;;;15010;92;;;;;15008.5;0.0
-1;2800;PEARLS;9995;25;;;;;10005;25;;;;;10000.0;-2.0
-1;2800;COCONUTS;7997;181;;;;;8000;181;;;;;7998.5;39.703125
-1;2800;BANANAS;4946;25;;;;;4953;25;;;;;4949.5;-2.62109375
-1;2900;BANANAS;4946;26;;;;;4953;26;;;;;4949.5;-1.19140625
-1;2900;PINA_COLADAS;15007;89;;;;;15010;89;;;;;15008.5;0.0
-1;2900;PEARLS;9996;1;9995;25;;;10004;1;10005;25;;;10000.0;-2.0
-1;2900;COCONUTS;7998;169;;;;;8000;42;8001;127;;;7999.0;8.65625
-1;3000;COCONUTS;7997;63;7996;134;;;7999;197;;;;;7998.0;54.625
-1;3000;BANANAS;4947;1;4946;26;;;4953;26;;;;;4950.0;-1.5390625
-1;3000;PINA_COLADAS;15004;22;15003;69;;;15007;91;;;;;15005.5;0.0
-1;3000;PEARLS;9998;1;9995;26;;;10005;26;;;;;10001.5;-50.0
-1;3100;BANANAS;4947;26;;;;;4953;2;4954;24;;;4950.0;-3.73046875
-1;3100;PINA_COLADAS;15005;95;;;;;15008;20;15009;75;;;15006.5;0.0
-1;3100;PEARLS;9996;2;9995;24;;;10004;2;10005;24;;;10000.0;-45.0
-1;3100;COCONUTS;7998;77;7997;105;;;8000;182;;;;;7999.0;16.875
-1;3200;PINA_COLADAS;15006;36;15005;66;;;15008;36;15009;66;;;15007.0;0.0
-1;3200;PEARLS;9996;1;9995;22;;;10004;1;10005;22;;;10000.0;-53.0
-1;3200;COCONUTS;7997;62;7996;116;;;7999;178;;;;;7998.0;55.0625
-1;3200;BANANAS;4947;1;4946;22;;;4953;23;;;;;4950.0;-7.234375
-1;3300;BANANAS;4946;32;;;;;4953;32;;;;;4949.5;-5.74609375
-1;3300;PINA_COLADAS;15004;98;;;;;15007;98;;;;;15005.5;0.0
-1;3300;PEARLS;9996;2;9995;30;;;10004;2;10005;30;;;10000.0;-61.0
-1;3300;COCONUTS;7996;180;;;;;7999;180;;;;;7997.5;71.8125
-1;3400;COCONUTS;7996;20;7995;143;;;7998;203;;;;;7997.0;59.5
-1;3400;BANANAS;4946;26;;;;;4953;26;;;;;4949.5;-7.6796875
-1;3400;PEARLS;9996;2;9995;24;;;10004;2;10005;24;;;10000.0;-61.0
-1;3400;PINA_COLADAS;15002;84;;;;;15005;21;15006;63;;;15003.5;0.0
-1;3500;BANANAS;4946;26;;;;;4953;26;;;;;4949.5;-10.10546875
-1;3500;PEARLS;9995;26;;;;;10005;26;;;;;10000.0;-61.0
-1;3500;COCONUTS;7996;201;;;;;7998;75;7999;126;;;7997.0;43.0625
-1;3500;PINA_COLADAS;15004;35;15003;57;;;15006;35;15007;57;;;15005.0;0.0
-1;3600;PEARLS;9995;21;;;;;9998;4;10005;21;;;9996.5;-61.0
-1;3600;PINA_COLADAS;15003;97;;;;;15006;97;;;;;15004.5;0.0
-1;3600;COCONUTS;7997;56;7996;129;;;7999;185;;;;;7998.0;-25.125
-1;3600;BANANAS;4947;21;;;;;4954;21;;;;;4950.5;-18.0859375
-1;3700;COCONUTS;7997;197;;;;;7999;72;8000;125;;;7998.0;-38.75
-1;3700;BANANAS;4947;24;;;;;4953;1;4954;23;;;4950.0;-18.02734375
-1;3700;PEARLS;10002;1;9996;1;9995;23;10004;1;10005;23;;;10003.0;-61.0
-1;3700;PINA_COLADAS;15004;71;;;;;15007;71;;;;;15005.5;0.0
-1;3800;COCONUTS;7997;201;;;;;7999;62;8000;139;;;7998.0;-37.1875
-1;3800;BANANAS;4947;25;;;;;4952;10;4953;2;4954;23;4949.5;-17.51953125
-1;3800;PEARLS;9996;2;9995;23;;;10002;10;10004;2;10005;23;9999.0;-59.0
-1;3800;PINA_COLADAS;15005;71;;;;;15008;71;;;;;15006.5;0.0
-1;3900;COCONUTS;7997;190;;;;;8000;190;;;;;7998.5;-47.6875
-1;3900;BANANAS;4948;1;4947;26;;;4953;1;4954;25;;;4950.5;22.515625
-1;3900;PEARLS;9998;1;9996;1;9995;25;10004;1;10005;25;;;10001.0;-63.0
-1;3900;PINA_COLADAS;15007;29;15006;51;;;15010;80;;;;;15008.5;0.0
-1;4000;PEARLS;9996;2;9995;30;;;10004;2;10005;30;;;10000.0;-63.0
-1;4000;PINA_COLADAS;15009;30;15008;94;;;15011;94;;;;;15010.0;0.0
-1;4000;COCONUTS;7997;162;;;;;7999;62;8000;100;;;7998.0;-40.8125
-1;4000;BANANAS;4947;32;;;;;4953;2;4954;30;;;4950.0;23.390625
-1;4100;COCONUTS;7997;189;;;;;7999;49;8000;140;;;7998.0;-44.25
-1;4100;BANANAS;4946;29;;;;;4953;29;;;;;4949.5;35.03125
-1;4100;PEARLS;9996;2;9995;27;;;10004;2;10005;27;;;10000.0;-63.0
-1;4100;PINA_COLADAS;15009;81;;;;;15012;81;;;;;15010.5;0.0
-1;4200;COCONUTS;7996;191;;;;;7999;191;;;;;7997.5;3.4375
-1;4200;BANANAS;4946;26;;;;;4951;4;4953;26;;;4948.5;35.53125
-1;4200;PEARLS;9996;2;9995;24;;;10002;4;10004;2;10005;24;9999.0;-63.0
-1;4200;PINA_COLADAS;15008;102;;;;;15009;25;15011;102;;;15008.5;0.0
-1;4300;COCONUTS;7996;195;;;;;7999;195;;;;;7997.5;12.1875
-1;4300;BANANAS;4951;1;4946;22;;;4953;22;;;;;4952.0;51.8125
-1;4300;PEARLS;9995;22;;;;;9998;1;10000;6;10005;22;9996.5;-71.0
-1;4300;PINA_COLADAS;15007;102;;;;;15010;102;;;;;15008.5;0.0
-1;4400;PEARLS;9995;30;;;;;10005;30;;;;;10000.0;-81.0
-1;4400;PINA_COLADAS;15009;112;;;;;15012;38;15013;74;;;15010.5;0.0
-1;4400;COCONUTS;7997;200;;;;;8000;200;;;;;7998.5;-82.625
-1;4400;BANANAS;4946;30;;;;;4953;30;;;;;4949.5;45.40625
-1;4500;COCONUTS;7998;201;;;;;8001;201;;;;;7999.5;-154.5625
-1;4500;BANANAS;4946;28;;;;;4951;10;4953;29;;;4948.5;43.125
-1;4500;PEARLS;9996;1;9995;28;;;10002;10;10004;1;10005;28;9999.0;-81.0
-1;4500;PINA_COLADAS;15009;85;;;;;15012;30;15013;55;;;15010.5;0.0
-1;4600;COCONUTS;7997;169;;;;;7999;56;8000;113;;;7998.0;-44.5
-1;4600;PINA_COLADAS;15007;74;15006;58;;;15009;36;15010;58;;;15008.0;0.0
-1;4600;BANANAS;4946;30;;;;;4951;10;4953;30;;;4948.5;38.984375
-1;4600;PEARLS;9996;1;9995;29;;;10002;10;10004;1;10005;29;9999.0;-81.0
-1;4700;PINA_COLADAS;15006;37;15005;73;;;15008;37;15009;73;;;15007.0;0.0
-1;4700;COCONUTS;7997;166;;;;;7999;60;8000;106;;;7998.0;-30.75
-1;4700;BANANAS;4946;32;;;;;4952;2;4953;30;;;4949.0;48.203125
-1;4700;PEARLS;9996;2;9995;30;;;10004;2;10005;30;;;10000.0;-81.0
-1;4800;PEARLS;9998;6;9996;2;9995;22;10004;2;10005;22;;;10001.0;-81.0
-1;4800;PINA_COLADAS;15006;79;;;;;15009;79;;;;;15007.5;0.0
-1;4800;COCONUTS;7997;184;;;;;7999;73;8000;111;;;7998.0;-43.875
-1;4800;BANANAS;4947;6;4946;24;;;4952;2;4953;22;;;4949.5;48.5
-1;4900;COCONUTS;7996;145;;;;;7999;145;;;;;7997.5;-10.125
-1;4900;BANANAS;4946;22;;;;;4950;7;4952;22;;;4948.0;62.453125
-1;4900;PEARLS;9995;22;;;;;10002;7;10005;22;;;9998.5;-73.0
-1;4900;PINA_COLADAS;15005;75;;;;;15008;25;15009;50;;;15006.5;0.0
-1;5000;PINA_COLADAS;15003;81;;;;;15006;21;15007;60;;;15004.5;0.0
-1;5000;COCONUTS;7996;200;;;;;7999;200;;;;;7997.5;31.9375
-1;5000;BANANAS;4947;5;4946;28;;;4953;30;;;;;4950.0;40.375
-1;5000;PEARLS;9998;3;9996;2;9995;28;10004;2;10005;28;;;10001.0;-73.0
-1;5100;PINA_COLADAS;15003;79;;;;;15006;79;;;;;15004.5;0.0
-1;5100;COCONUTS;7996;208;;;;;7998;70;7999;138;;;7997.0;34.625
-1;5100;BANANAS;4947;1;4946;30;;;4953;31;;;;;4950.0;32.90625
-1;5100;PEARLS;9996;1;9995;30;;;10004;1;10005;30;;;10000.0;-73.0
-1;5200;PEARLS;9998;9;9996;1;9995;26;10004;1;10005;26;;;10001.0;-73.0
-1;5200;PINA_COLADAS;15004;87;;;;;15007;87;;;;;15005.5;0.0
-1;5200;COCONUTS;7997;171;;;;;7999;53;8000;118;;;7998.0;-30.75
-1;5200;BANANAS;4947;10;4946;26;;;4953;27;;;;;4950.0;38.4375
-1;5300;COCONUTS;7998;58;7997;144;;;8000;202;;;;;7999.0;-117.4375
-1;5300;PEARLS;9996;1;9995;20;;;10004;1;10005;20;;;10000.0;-73.0
-1;5300;PINA_COLADAS;15003;20;15002;75;;;15005;20;15006;75;;;15004.0;0.0
-1;5300;BANANAS;4952;1;4947;21;;;4953;1;4954;20;;;4952.5;26.46875
-1;5400;PINA_COLADAS;15002;29;15001;74;;;15004;29;15005;74;;;15003.0;0.0
-1;5400;COCONUTS;7998;79;7997;149;;;8000;228;;;;;7999.0;-121.8125
-1;5400;BANANAS;4947;21;;;;;4954;21;;;;;4950.5;13.125
-1;5400;PEARLS;9995;21;;;;;10005;21;;;;;10000.0;-73.0
-1;5500;PINA_COLADAS;14999;112;;;;;15002;112;;;;;15000.5;0.0
-1;5500;BANANAS;4947;27;;;;;4954;27;;;;;4950.5;9.9375
-1;5500;COCONUTS;7998;204;;;;;8001;204;;;;;7999.5;-183.25
-1;5500;PEARLS;9995;27;;;;;10005;27;;;;;10000.0;-73.0
-1;5600;BANANAS;4946;28;;;;;4953;28;;;;;4949.5;38.4375
-1;5600;PEARLS;9995;28;;;;;10005;28;;;;;10000.0;-73.0
-1;5600;PINA_COLADAS;14999;85;;;;;15000;27;15002;21;15003;64;14999.5;0.0
-1;5600;COCONUTS;7998;187;;;;;8001;187;;;;;7999.5;-177.5
-1;5700;COCONUTS;7999;62;7998;146;;;8001;208;;;;;8000.0;-207.0625
-1;5700;PEARLS;9998;2;9995;27;;;10005;27;;;;;10001.5;-73.0
-1;5700;PINA_COLADAS;14998;90;;;;;15001;90;;;;;14999.5;0.0
-1;5700;BANANAS;4948;1;4947;27;;;4954;27;;;;;4951.0;-6.3125
-1;5800;PINA_COLADAS;14996;104;;;;;14999;104;;;;;14997.5;0.0
-1;5800;COCONUTS;7998;222;;;;;8001;222;;;;;7999.5;-193.3125
-1;5800;PEARLS;9996;1;9995;30;;;10004;1;10005;30;;;10000.0;-73.0
-1;5800;BANANAS;4947;31;;;;;4954;31;;;;;4950.5;-5.03125
-1;5900;PINA_COLADAS;14993;89;;;;;14996;89;;;;;14994.5;0.0
-1;5900;BANANAS;4947;30;;;;;4954;30;;;;;4950.5;4.25
-1;5900;COCONUTS;7997;179;;;;;8000;179;;;;;7998.5;-84.6875
-1;5900;PEARLS;9996;2;9995;28;;;10004;2;10005;28;;;10000.0;-73.0
-1;6000;PEARLS;9995;30;;;;;10005;30;;;;;10000.0;-73.0
-1;6000;BANANAS;4947;30;;;;;4954;30;;;;;4950.5;14.5625
-1;6000;PINA_COLADAS;14992;84;;;;;14995;84;;;;;14993.5;0.0
-1;6000;COCONUTS;7997;62;7996;138;;;7999;200;;;;;7998.0;-36.9375
-1;6100;COCONUTS;7997;207;;;;;8000;207;;;;;7998.5;-65.4375
-1;6100;PEARLS;9996;1;9995;24;;;10004;1;10005;24;;;10000.0;-73.0
-1;6100;PINA_COLADAS;14995;36;14994;57;;;14998;93;;;;;14996.5;0.0
-1;6100;BANANAS;4947;25;;;;;4948;1;4954;25;;;4947.5;-3.84375
-1;6200;PINA_COLADAS;14995;93;;;;;14998;32;14999;61;;;14996.5;0.0
-1;6200;COCONUTS;7998;183;;;;;8001;183;;;;;7999.5;-150.8125
-1;6200;PEARLS;9996;1;9995;21;;;10004;1;10005;21;;;10000.0;-73.0
-1;6200;BANANAS;4947;22;;;;;4954;22;;;;;4950.5;1.53125
-1;6300;PINA_COLADAS;14999;35;14998;73;;;15002;108;;;;;15000.5;0.0
-1;6300;BANANAS;4947;25;;;;;4954;25;;;;;4950.5;-11.34375
-1;6300;COCONUTS;7998;201;;;;;8001;201;;;;;7999.5;-176.25
-1;6300;PEARLS;9996;2;9995;23;;;10004;2;10005;23;;;10000.0;-73.0
-1;6400;PEARLS;9996;1;9995;24;;;10004;1;10005;24;;;10000.0;-73.0
-1;6400;BANANAS;4948;1;4947;24;;;4954;25;;;;;4951.0;-17.5625
-1;6400;PINA_COLADAS;15004;100;;;;;15007;100;;;;;15005.5;0.0
-1;6400;COCONUTS;8000;199;;;;;8003;199;;;;;8001.5;-327.125
-1;6500;COCONUTS;8001;203;;;;;8003;67;8004;136;;;8002.0;-395.375
-1;6500;PEARLS;9996;1;9995;26;;;9998;1;10004;1;10005;26;9997.0;-73.0
-1;6500;PINA_COLADAS;15006;39;15005;54;;;15008;39;15009;54;;;15007.0;0.0
-1;6500;BANANAS;4948;1;4947;26;;;4954;27;;;;;4951.0;-29.53125
-1;6600;PINA_COLADAS;15007;93;;;;;15010;93;;;;;15008.5;0.0
-1;6600;COCONUTS;8001;175;;;;;8003;66;8004;109;;;8002.0;-400.875
-1;6600;PEARLS;9996;2;9995;24;;;10004;2;10005;24;;;10000.0;-75.0
-1;6600;BANANAS;4948;26;;;;;4955;26;;;;;4951.5;-53.8125
-1;6700;PINA_COLADAS;15008;92;;;;;15011;92;;;;;15009.5;0.0
-1;6700;BANANAS;4948;20;;;;;4953;6;4955;20;;;4950.5;-40.34375
-1;6700;COCONUTS;8000;189;;;;;8003;189;;;;;8001.5;-370.6875
-1;6700;PEARLS;9995;20;;;;;10002;3;10005;20;;;9998.5;-61.0
-1;6800;BANANAS;4947;32;;;;;4954;32;;;;;4950.5;-0.5625
-1;6800;COCONUTS;8002;188;;;;;8005;188;;;;;8003.5;-535.9375
-1;6800;PINA_COLADAS;15013;99;;;;;15016;99;;;;;15014.5;0.0
-1;6800;PEARLS;9996;2;9995;30;;;10004;2;10005;30;;;10000.0;-61.0
-1;6900;COCONUTS;8004;18;8002;207;;;8005;207;;;;;8004.5;-521.625
-1;6900;PINA_COLADAS;15012;92;;;;;15015;92;;;;;15013.5;0.0
-1;6900;PEARLS;9996;1;9995;26;;;10002;5;10004;1;10005;26;9999.0;-59.0
-1;6900;BANANAS;4950;4;4947;27;;;4952;5;4954;27;;;4951.0;12.25
-1;7000;PINA_COLADAS;15010;95;;;;;15013;95;;;;;15011.5;0.0
-1;7000;PEARLS;9998;2;9995;27;;;10005;27;;;;;10001.5;-59.0
-1;7000;COCONUTS;8001;210;;;;;8002;77;8004;210;;;8001.5;-442.5
-1;7000;BANANAS;4948;2;4947;27;;;4954;27;;;;;4951.0;7.96875
-1;7100;PINA_COLADAS;15012;38;15011;55;;;15014;38;15015;55;;;15013.0;0.0
-1;7100;PEARLS;9996;1;9995;29;;;10004;1;10005;29;;;10000.0;-49.0
-1;7100;BANANAS;4947;30;;;;;4954;30;;;;;4950.5;3.8125
-1;7100;COCONUTS;8002;59;8001;123;;;8004;182;;;;;8003.0;-472.8125
-1;7200;BANANAS;4948;5;4947;28;;;4954;28;;;;;4951.0;-7.21875
-1;7200;PINA_COLADAS;15012;91;;;;;15015;91;;;;;15013.5;0.0
-1;7200;PEARLS;9998;5;9996;1;9995;27;10004;1;10005;27;;;10001.0;-49.0
-1;7200;COCONUTS;8001;212;;;;;8004;212;;;;;8002.5;-434.1875
-1;7300;COCONUTS;8002;56;8001;147;;;8004;203;;;;;8003.0;-479.1875
-1;7300;PINA_COLADAS;15015;40;15014;56;;;15017;40;15018;56;;;15016.0;-3.66015625
-1;7300;PEARLS;10002;1;9996;2;9995;29;10004;2;10005;29;;;10003.0;-49.0
-1;7300;BANANAS;4947;31;;;;;4954;31;;;;;4950.5;6.34375
-1;7400;PINA_COLADAS;15012;88;;;;;15015;31;15016;57;;;15013.5;4.40625
-1;7400;PEARLS;9996;1;9995;22;;;10004;1;10005;22;;;10000.0;-41.0
-1;7400;COCONUTS;8000;183;;;;;8003;183;;;;;8001.5;-369.0625
-1;7400;BANANAS;4947;22;;;;;4953;1;4954;22;;;4950.0;22.65625
-1;7500;PINA_COLADAS;15014;100;;;;;15017;100;;;;;15015.5;-3.16796875
-1;7500;PEARLS;9995;25;;;;;10002;10;10005;25;;;9998.5;-41.0
-1;7500;BANANAS;4947;25;;;;;4952;10;4953;25;;;4949.5;31.46875
-1;7500;COCONUTS;8001;178;;;;;8004;178;;;;;8002.5;-435.875
-1;7600;BANANAS;4946;22;;;;;4953;22;;;;;4949.5;76.625
-1;7600;PINA_COLADAS;15016;113;;;;;15019;113;;;;;15017.5;-10.5078125
-1;7600;PEARLS;9996;2;9995;20;;;10004;2;10005;20;;;10000.0;-41.0
-1;7600;COCONUTS;8002;177;;;;;8005;177;;;;;8003.5;-508.4375
-1;7700;COCONUTS;8002;77;8001;139;;;8004;216;;;;;8003.0;-483.6875
-1;7700;PINA_COLADAS;15016;87;;;;;15019;87;;;;;15017.5;-9.9765625
-1;7700;PEARLS;9995;22;;;;;10005;22;;;;;10000.0;-41.0
-1;7700;BANANAS;4945;22;;;;;4946;1;4952;22;;;4945.5;124.8125
-1;7800;PINA_COLADAS;15014;30;15013;59;;;15016;30;15017;59;;;15015.0;0.34375
-1;7800;PEARLS;9998;3;9996;1;9995;22;10004;1;10005;22;;;10001.0;-41.0
-1;7800;COCONUTS;8001;179;;;;;8004;179;;;;;8002.5;-414.875
-1;7800;BANANAS;4947;3;4946;23;;;4952;1;4953;22;;;4949.5;84.75
-1;7900;PEARLS;9996;1;9995;26;;;10004;1;10005;26;;;10000.0;-41.0
-1;7900;PINA_COLADAS;15011;109;;;;;15014;109;;;;;15012.5;10.33203125
-1;7900;BANANAS;4946;1;4945;26;;;4952;27;;;;;4949.0;120.0625
-1;7900;COCONUTS;8001;146;;;;;8004;146;;;;;8002.5;-425.6875
-1;8000;COCONUTS;8002;213;;;;;8003;40;8005;213;;;8002.5;-510.875
-1;8000;BANANAS;4945;27;;;;;4952;27;;;;;4948.5;123.8125
-1;8000;PEARLS;9995;27;;;;;10005;27;;;;;10000.0;-41.0
-1;8000;PINA_COLADAS;15013;105;;;;;15016;38;15017;67;;;15014.5;0.75
-1;8100;PEARLS;9996;1;9995;22;;;10004;1;10005;22;;;10000.0;-41.0
-1;8100;PINA_COLADAS;15011;24;15010;72;;;15013;30;15014;72;;;15012.0;6.09375
-1;8100;COCONUTS;8002;70;8001;146;;;8004;216;;;;;8003.0;-468.9375
-1;8100;BANANAS;4945;23;;;;;4952;23;;;;;4948.5;144.125
-1;8200;PEARLS;9995;23;;;;;10005;23;;;;;10000.0;-49.0
-1;8200;PINA_COLADAS;15010;87;;;;;15013;87;;;;;15011.5;11.34375
-1;8200;COCONUTS;8001;206;;;;;8004;206;;;;;8002.5;-456.5
-1;8200;BANANAS;4948;4;4945;23;;;4952;23;;;;;4950.0;151.1875
-1;8300;PEARLS;9996;1;9995;29;;;10004;1;10005;29;;;10000.0;-49.0
-1;8300;PINA_COLADAS;15011;97;;;;;15014;97;;;;;15012.5;1.953125
-1;8300;COCONUTS;8002;150;;;;;8005;150;;;;;8003.5;-541.6875
-1;8300;BANANAS;4945;30;;;;;4952;30;;;;;4948.5;156.65625
-1;8400;COCONUTS;8003;192;;;;;8005;73;8006;119;;;8004.0;-586.0625
-1;8400;BANANAS;4945;28;;;;;4951;28;;;;;4948.0;178.5
-1;8400;PEARLS;9995;28;;;;;10005;28;;;;;10000.0;-49.0
-1;8400;PINA_COLADAS;15014;30;15013;75;;;15016;30;15017;75;;;15015.0;-23.53125
-1;8500;PEARLS;9998;10;9996;2;9995;29;10004;2;10005;29;;;10001.0;-49.0
-1;8500;PINA_COLADAS;15013;36;15012;65;;;15015;36;15016;65;;;15014.0;-13.515625
-1;8500;COCONUTS;8003;176;;;;;8005;63;8006;113;;;8004.0;-578.125
-1;8500;BANANAS;4945;10;4944;31;;;4951;31;;;;;4948.0;218.15625
-1;8600;PEARLS;9996;1;9995;22;;;10004;1;10005;22;;;10000.0;-49.0
-1;8600;PINA_COLADAS;15012;93;;;;;15015;32;15016;61;;;15013.5;-12.5625
-1;8600;COCONUTS;8003;154;;;;;8006;154;;;;;8004.5;-603.875
-1;8600;BANANAS;4944;22;;;;;4951;23;;;;;4947.5;222.8125
-1;8700;PEARLS;9998;10;9995;27;;;10005;27;;;;;10001.5;-49.0
-1;8700;PINA_COLADAS;15012;100;;;;;15015;100;;;;;15013.5;-9.3125
-1;8700;COCONUTS;8003;177;;;;;8006;177;;;;;8004.5;-617.875
-1;8700;BANANAS;4946;10;4945;27;;;4948;6;4952;27;;;4947.0;145.875
-1;8800;COCONUTS;8003;183;;;;;8005;71;8006;112;;;8004.0;-588.625
-1;8800;BANANAS;4945;25;;;;;4948;1;4952;25;;;4946.5;128.0625
-1;8800;PEARLS;9995;25;;;;;9998;1;10005;25;;;9996.5;-49.0
-1;8800;PINA_COLADAS;15014;83;;;;;15017;83;;;;;15015.5;-28.84375
-1;8900;PEARLS;9998;9;9995;26;;;10005;26;;;;;10001.5;-51.0
-1;8900;PINA_COLADAS;15015;112;;;;;15018;112;;;;;15016.5;-39.5
-1;8900;COCONUTS;8003;173;;;;;8005;40;8006;133;;;8004.0;-578.8125
-1;8900;BANANAS;4946;9;4945;26;;;4952;26;;;;;4949.0;146.15625
-1;9000;PINA_COLADAS;15011;93;;;;;15014;93;;;;;15012.5;1.625
-1;9000;PEARLS;9996;2;9995;29;;;10004;2;10005;29;;;10000.0;-51.0
-1;9000;COCONUTS;8001;60;8000;118;;;8003;178;;;;;8002.0;-387.5
-1;9000;BANANAS;4945;31;;;;;4952;31;;;;;4948.5;124.0
-1;9100;PEARLS;9998;3;9996;2;9995;27;10004;2;10005;27;;;10001.0;-51.0
-1;9100;COCONUTS;8001;165;;;;;8003;43;8004;122;;;8002.0;-396.6875
-1;9100;PINA_COLADAS;15012;89;;;;;15015;89;;;;;15013.5;-9.5625
-1;9100;BANANAS;4947;3;4946;29;;;4952;2;4953;27;;;4949.5;86.625
-1;9200;COCONUTS;8001;190;;;;;8002;62;8004;190;;;8001.5;-460.6875
-1;9200;BANANAS;4951;1;4946;10;4945;27;4952;27;;;;;4951.5;113.125
-1;9200;PINA_COLADAS;15015;84;;;;;15018;84;;;;;15016.5;-36.28125
-1;9200;PEARLS;9998;10;9995;27;;;10005;27;;;;;10001.5;-51.0
-1;9300;PEARLS;9996;1;9995;20;;;10004;1;10005;20;;;10000.0;-51.0
-1;9300;PINA_COLADAS;15019;40;15018;68;;;15022;108;;;;;15020.5;-75.609375
-1;9300;COCONUTS;8002;151;;;;;8005;151;;;;;8003.5;-509.625
-1;9300;BANANAS;4946;1;4945;20;;;4952;21;;;;;4949.0;117.46875
-1;9400;PINA_COLADAS;15017;76;;;;;15020;76;;;;;15018.5;-56.65625
-1;9400;PEARLS;9998;2;9996;2;9995;21;10004;2;10005;21;;;10001.0;-51.0
-1;9400;COCONUTS;8002;71;8001;136;;;8004;207;;;;;8003.0;-478.875
-1;9400;BANANAS;4947;2;4946;23;;;4952;23;;;;;4949.5;101.34375
-1;9500;PEARLS;9996;1;9995;30;;;10004;1;10005;30;;;10000.0;-51.0
-1;9500;PINA_COLADAS;15019;100;;;;;15022;100;;;;;15020.5;-77.796875
-1;9500;COCONUTS;8003;222;;;;;8006;222;;;;;8004.5;-599.75
-1;9500;BANANAS;4946;1;4945;30;;;4952;31;;;;;4949.0;109.09375
-1;9600;COCONUTS;8004;185;;;;;8007;185;;;;;8005.5;-698.875
-1;9600;BANANAS;4945;31;;;;;4952;31;;;;;4948.5;122.40625
-1;9600;PINA_COLADAS;15021;25;15020;57;;;15023;25;15024;57;;;15022.0;-93.5625
-1;9600;PEARLS;9996;1;9995;30;;;10004;1;10005;30;;;10000.0;-51.0
-1;9700;PEARLS;9995;22;;;;;10002;1;10005;22;;;9998.5;-51.0
-1;9700;PINA_COLADAS;15019;27;15018;62;;;15022;89;;;;;15020.5;-75.03125
-1;9700;COCONUTS;8003;206;;;;;8004;78;8006;206;;;8003.5;-639.625
-1;9700;BANANAS;4945;22;;;;;4950;1;4952;22;;;4947.5;102.8125
-1;9800;PINA_COLADAS;15020;30;15019;66;;;15022;30;15023;66;;;15021.0;-84.65625
-1;9800;PEARLS;9995;26;;;;;10005;26;;;;;10000.0;-51.0
-1;9800;COCONUTS;8003;218;;;;;8006;218;;;;;8004.5;-638.125
-1;9800;BANANAS;4945;26;;;;;4952;26;;;;;4948.5;107.65625
-1;9900;BANANAS;4945;25;;;;;4952;25;;;;;4948.5;117.5
-1;9900;PEARLS;9995;25;;;;;10005;25;;;;;10000.0;-51.0
-1;9900;PINA_COLADAS;15020;86;;;;;15023;23;15024;63;;;15021.5;-92.296875
-1;9900;COCONUTS;8003;148;;;;;8006;148;;;;;8004.5;-606.75
-1;10000;COCONUTS;8002;197;;;;;8005;197;;;;;8003.5;-547.5625
-1;10000;BANANAS;4945;28;;;;;4952;28;;;;;4948.5;128.5
-1;10000;PINA_COLADAS;15021;91;;;;;15024;91;;;;;15022.5;-100.859375
-1;10000;PEARLS;9995;28;;;;;10005;28;;;;;10000.0;-51.0
-1;10100;BANANAS;4946;1;4945;24;;;4950;3;4952;25;;;4948.0;118.03125
-1;10100;PEARLS;9996;1;9995;24;;;10002;3;10004;1;10005;24;9999.0;-51.0
-1;10100;COCONUTS;8003;206;;;;;8006;206;;;;;8004.5;-623.125
-1;10100;PINA_COLADAS;15023;97;;;;;15026;97;;;;;15024.5;-118.15625
-1;10200;PINA_COLADAS;15027;98;;;;;15030;98;;;;;15028.5;-160.03125
-1;10200;PEARLS;9996;2;9995;26;;;10004;2;10005;26;;;10000.0;-51.0
-1;10200;COCONUTS;8004;189;;;;;8005;64;8007;189;;;8004.5;-696.9375
-1;10200;BANANAS;4946;28;;;;;4952;2;4953;26;;;4949.0;92.21875
-1;10300;PEARLS;9998;4;9995;27;;;10005;27;;;;;10001.5;-53.0
-1;10300;BANANAS;4946;5;4945;27;;;4948;1;4952;27;;;4947.0;108.65625
-1;10300;PINA_COLADAS;15027;95;;;;;15030;34;15031;61;;;15028.5;-162.59375
-1;10300;COCONUTS;8004;62;8003;133;;;8006;195;;;;;8005.0;-648.5
-1;10400;COCONUTS;8004;43;8003;197;;;8006;197;;;;;8005.0;-638.25
-1;10400;BANANAS;4946;29;;;;;4953;29;;;;;4949.5;69.375
-1;10400;PINA_COLADAS;15027;34;15026;54;;;15030;88;;;;;15028.5;-160.5
-1;10400;PEARLS;10002;1;9996;1;9995;28;10004;1;10005;28;;;10003.0;-53.0
-1;10500;PEARLS;9998;4;9996;2;9995;29;10004;2;10005;29;;;10001.0;-51.0
-1;10500;BANANAS;4946;4;4945;31;;;4952;31;;;;;4949.0;151.53125
-1;10500;PINA_COLADAS;15029;39;15028;66;;;15031;39;15032;66;;;15030.0;-186.4375
-1;10500;COCONUTS;8004;178;;;;;8006;75;8007;103;;;8005.0;-668.375
-1;10600;PINA_COLADAS;15030;31;15029;68;;;15032;31;15033;68;;;15031.0;-198.8125
-1;10600;PEARLS;9996;2;9995;29;;;10000;4;10004;2;10005;29;9998.0;-51.0
-1;10600;COCONUTS;8004;48;8003;121;;;8006;169;;;;;8005.0;-646.6875
-1;10600;BANANAS;4945;31;;;;;4952;31;;;;;4948.5;149.8125
-1;10700;PEARLS;9998;8;9995;28;;;10005;28;;;;;10001.5;-51.0
-1;10700;BANANAS;4946;8;4945;28;;;4952;28;;;;;4949.0;129.375
-1;10700;PINA_COLADAS;15031;31;15030;62;;;15033;31;15034;62;;;15032.0;-214.875
-1;10700;COCONUTS;8004;160;;;;;8007;160;;;;;8005.5;-717.25
-1;10800;COCONUTS;8005;70;8004;104;;;8007;174;;;;;8006.0;-742.5
-1;10800;BANANAS;4947;5;4946;24;;;4953;24;;;;;4950.0;72.59375
-1;10800;PINA_COLADAS;15030;33;15029;59;;;15032;33;15033;59;;;15031.0;-199.203125
-1;10800;PEARLS;9998;5;9996;2;9995;22;10004;2;10005;22;;;10001.0;-51.0
-1;10900;PEARLS;9996;1;9995;27;;;10004;1;10005;27;;;10000.0;-3.0
-1;10900;BANANAS;4947;1;4946;27;;;4953;28;;;;;4950.0;28.59375
-1;10900;PINA_COLADAS;15031;98;;;;;15034;98;;;;;15032.5;-217.65625
-1;10900;COCONUTS;8005;192;;;;;8007;72;8008;120;;;8006.0;-768.5
-1;11000;PINA_COLADAS;15030;94;;;;;15033;94;;;;;15031.5;-209.109375
-1;11000;PEARLS;9995;24;;;;;10002;7;10005;24;;;9998.5;-3.0
-1;11000;COCONUTS;8004;78;8003;143;;;8006;221;;;;;8005.0;-659.6875
-1;11000;BANANAS;4946;24;;;;;4951;7;4953;24;;;4948.5;83.78125
-1;11100;PEARLS;9998;3;9995;21;;;10005;21;;;;;10001.5;-3.0
-1;11100;BANANAS;4947;3;4946;21;;;4953;21;;;;;4950.0;88.46875
-1;11100;PINA_COLADAS;15030;90;;;;;15033;90;;;;;15031.5;-208.453125
-1;11100;COCONUTS;8005;71;8004;131;;;8007;202;;;;;8006.0;-747.0625
-1;11200;COCONUTS;8003;205;;;;;8005;77;8006;128;;;8004.0;-584.3125
-1;11200;BANANAS;4946;23;;;;;4951;7;4952;2;4953;21;4948.5;85.875
-1;11200;PINA_COLADAS;15027;84;;;;;15030;20;15031;64;;;15028.5;-170.09375
-1;11200;PEARLS;9996;2;9995;21;;;10002;7;10004;2;10005;21;9999.0;-17.0
-1;11300;BANANAS;4948;4;4945;22;;;4952;22;;;;;4950.0;127.4375
-1;11300;COCONUTS;8003;187;;;;;8004;44;8005;80;8006;107;8003.5;-579.25
-1;11300;PINA_COLADAS;15028;39;15027;73;;;15030;39;15031;73;;;15029.0;-171.15625
-1;11300;PEARLS;9996;1;9995;21;;;10004;1;10005;21;;;10000.0;-17.0
-1;11400;PINA_COLADAS;15030;94;;;;;15033;94;;;;;15031.5;-207.265625
-1;11400;PEARLS;9996;1;9995;25;;;10004;1;10005;25;;;10000.0;-17.0
-1;11400;COCONUTS;8004;64;8003;132;;;8006;196;;;;;8005.0;-658.75
-1;11400;BANANAS;4945;26;;;;;4951;1;4952;25;;;4948.0;168.3125
-1;11500;BANANAS;4945;1;4944;25;;;4949;9;4951;26;;;4947.0;188.65625
-1;11500;PINA_COLADAS;15028;26;15027;64;;;15030;26;15031;64;;;15029.0;-172.5
-1;11500;PEARLS;9996;1;9995;25;;;10002;7;10004;1;10005;25;9999.0;-17.0
-1;11500;COCONUTS;8004;189;;;;;8006;40;8007;149;;;8005.0;-676.3125
-1;11600;COCONUTS;8003;195;;;;;8006;195;;;;;8004.5;-613.25
-1;11600;BANANAS;4944;29;;;;;4949;2;4951;29;;;4946.5;209.21875
-1;11600;PINA_COLADAS;15025;99;;;;;15028;39;15029;60;;;15026.5;-141.25
-1;11600;PEARLS;9996;2;9995;27;;;10002;2;10004;2;10005;27;9999.0;-17.0
-1;11700;BANANAS;4944;23;;;;;4951;23;;;;;4947.5;196.5625
-1;11700;PINA_COLADAS;15026;33;15025;55;;;15027;23;15028;33;15029;55;15026.5;-144.03125
-1;11700;PEARLS;9996;2;9995;21;;;10004;2;10005;21;;;10000.0;-17.0
-1;11700;COCONUTS;8003;184;;;;;8005;64;8006;120;;;8004.0;-577.5625
-1;11800;PINA_COLADAS;15022;93;;;;;15023;25;15025;21;15026;72;15022.5;-99.21875
-1;11800;PEARLS;9998;10;9995;29;;;10000;5;10005;29;;;9999.0;-17.0
-1;11800;COCONUTS;8002;170;;;;;8004;46;8005;124;;;8003.0;-476.6875
-1;11800;BANANAS;4950;1;4945;10;4944;29;4951;29;;;;;4950.5;192.5625
-1;11900;BANANAS;4944;32;;;;;4950;2;4951;30;;;4947.0;247.21875
-1;11900;PINA_COLADAS;15024;36;15023;66;;;15027;102;;;;;15025.5;-118.03125
-1;11900;PEARLS;9996;2;9995;30;;;10004;2;10005;30;;;10000.0;-17.0
-1;11900;COCONUTS;8003;189;;;;;8005;47;8006;142;;;8004.0;-575.6875
-1;12000;COCONUTS;8003;198;;;;;8006;198;;;;;8004.5;-608.9375
-1;12000;BANANAS;4943;20;;;;;4950;20;;;;;4946.5;274.625
-1;12000;PINA_COLADAS;15026;37;15025;62;;;15028;37;15029;62;;;15027.0;-144.0625
-1;12000;PEARLS;10002;1;9995;20;;;10005;20;;;;;10003.5;-17.0
-1;12100;BANANAS;4943;27;;;;;4949;2;4950;25;;;4946.0;330.84375
-1;12100;PINA_COLADAS;15025;98;;;;;15028;98;;;;;15026.5;-133.328125
-1;12100;PEARLS;9996;2;9995;25;;;10004;2;10005;25;;;10000.0;-15.0
-1;12100;COCONUTS;8002;146;;;;;8005;146;;;;;8003.5;-534.9375
-1;12200;PINA_COLADAS;15027;39;15026;58;;;15029;39;15030;58;;;15028.0;-159.3125
-1;12200;PEARLS;9996;2;9995;28;;;10004;2;10005;28;;;10000.0;-15.0
-1;12200;COCONUTS;8004;187;;;;;8006;72;8007;115;;;8005.0;-678.6875
-1;12200;BANANAS;4943;30;;;;;4950;30;;;;;4946.5;289.5
-1;12300;BANANAS;4944;6;4943;29;;;4950;29;;;;;4947.0;306.1875
-1;12300;PEARLS;9998;6;9996;1;9995;28;10004;1;10005;28;;;10001.0;-15.0
-1;12300;COCONUTS;8003;156;;;;;8006;156;;;;;8004.5;-635.125
-1;12300;PINA_COLADAS;15026;111;;;;;15029;111;;;;;15027.5;-150.109375
-1;12400;COCONUTS;8004;79;8003;116;;;8006;195;;;;;8005.0;-666.0
-1;12400;BANANAS;4943;26;;;;;4950;26;;;;;4946.5;317.75
-1;12400;PEARLS;9995;26;;;;;10005;26;;;;;10000.0;-15.0
-1;12400;PINA_COLADAS;15028;35;15027;64;;;15030;35;15031;64;;;15029.0;-171.21875
-1;12500;COCONUTS;8003;58;8002;185;;;8005;185;;;;;8004.0;-518.5625
-1;12500;BANANAS;4943;19;;;;;4950;20;;;;;4946.5;314.21875
-1;12500;PEARLS;9995;20;;;;;10005;20;;;;;10000.0;-15.0
-1;12500;PINA_COLADAS;15024;40;15023;63;;;15027;103;;;;;15025.5;-118.515625
-1;12600;PEARLS;9995;22;;;;;10005;22;;;;;10000.0;-15.0
-1;12600;PINA_COLADAS;15024;101;;;;;15027;101;;;;;15025.5;-120.6875
-1;12600;COCONUTS;8002;187;;;;;8005;187;;;;;8003.5;-513.0625
-1;12600;BANANAS;4943;22;;;;;4949;22;;;;;4946.0;331.84375
-1;12700;COCONUTS;8003;70;8002;126;;;8005;196;;;;;8004.0;-563.875
-1;12700;BANANAS;4943;22;;;;;4950;22;;;;;4946.5;291.03125
-1;12700;PEARLS;9996;2;9995;20;;;10004;2;10005;20;;;10000.0;-15.0
-1;12700;PINA_COLADAS;15027;34;15026;68;;;15030;102;;;;;15028.5;-160.484375
-1;12800;COCONUTS;8003;64;8002;133;;;8005;197;;;;;8004.0;-572.625
-1;12800;BANANAS;4943;22;;;;;4950;22;;;;;4946.5;277.8125
-1;12800;PEARLS;9996;2;9995;20;;;10004;2;10005;20;;;10000.0;-15.0
-1;12800;PINA_COLADAS;15025;84;;;;;15028;27;15029;57;;;15026.5;-141.53125
-1;12900;COCONUTS;8003;55;8002;175;;;8005;175;;;;;8004.0;-508.0
-1;12900;BANANAS;4944;29;;;;;4948;3;4950;29;;;4946.0;252.6875
-1;12900;PEARLS;9996;1;9995;28;;;10002;3;10004;1;10005;28;9999.0;-15.0
-1;12900;PINA_COLADAS;15025;30;15024;69;;;15028;99;;;;;15026.5;-131.390625
-1;13000;PEARLS;10002;1;9995;20;;;10005;20;;;;;10003.5;-15.0
-1;13000;PINA_COLADAS;15026;23;15025;54;;;15028;23;15029;54;;;15027.0;-143.84375
-1;13000;COCONUTS;8003;180;;;;;8005;63;8006;117;;;8004.0;-599.0
-1;13000;BANANAS;4949;1;4943;20;;;4950;20;;;;;4949.5;261.5625
-1;13100;COCONUTS;8002;199;;;;;8003;58;8005;199;;;8002.5;-507.25
-1;13100;BANANAS;4944;26;;;;;4950;1;4951;25;;;4947.0;245.5
-1;13100;PEARLS;9996;1;9995;25;;;10004;1;10005;25;;;10000.0;-13.0
-1;13100;PINA_COLADAS;15025;93;;;;;15028;93;;;;;15026.5;-134.984375
-1;13200;COCONUTS;8003;157;;;;;8006;157;;;;;8004.5;-622.5625
-1;13200;BANANAS;4944;4;4943;22;;;4950;22;;;;;4947.0;269.15625
-1;13200;PEARLS;9998;2;9995;22;;;10005;22;;;;;10001.5;-17.0
-1;13200;PINA_COLADAS;15028;25;15027;57;;;15030;25;15031;57;;;15029.0;-173.21875
-1;13300;COCONUTS;8003;149;;;;;8006;149;;;;;8004.5;-607.25
-1;13300;BANANAS;4944;24;;;;;4951;24;;;;;4947.5;247.71875
-1;13300;PEARLS;9995;24;;;;;10005;24;;;;;10000.0;-17.0
-1;13300;PINA_COLADAS;15027;100;;;;;15028;29;15030;100;;;15027.5;-161.390625
-1;13400;PEARLS;9996;2;9995;30;;;10004;2;10005;30;;;10000.0;-7.0
-1;13400;COCONUTS;8004;43;8003;173;;;8006;173;;;;;8005.0;-600.8125
-1;13400;PINA_COLADAS;15028;94;;;;;15031;94;;;;;15029.5;-182.78125
-1;13400;BANANAS;4944;32;;;;;4950;2;4951;30;;;4947.0;250.78125
-1;13500;COCONUTS;8003;153;;;;;8006;153;;;;;8004.5;-631.9375
-1;13500;BANANAS;4944;30;;;;;4951;30;;;;;4947.5;219.75
-1;13500;PEARLS;9995;30;;;;;10005;30;;;;;10000.0;-7.0
-1;13500;PINA_COLADAS;15027;101;;;;;15030;101;;;;;15028.5;-167.0625
-1;13600;PINA_COLADAS;15029;96;;;;;15032;26;15033;70;;;15030.5;-198.25
-1;13600;COCONUTS;8004;69;8003;100;;;8006;169;;;;;8005.0;-667.3125
-1;13600;BANANAS;4944;24;;;;;4949;10;4951;25;;;4946.5;237.46875
-1;13600;PEARLS;9995;25;;;;;10002;10;10005;25;;;9998.5;-7.0
-1;13700;PINA_COLADAS;15031;87;;;;;15034;87;;;;;15032.5;-218.75
-1;13700;COCONUTS;8005;219;;;;;8008;219;;;;;8006.5;-836.625
-1;13700;BANANAS;4944;21;;;;;4951;21;;;;;4947.5;233.375
-1;13700;PEARLS;9996;1;9995;20;;;9998;4;10004;1;10005;20;9997.0;-7.0
-1;13800;PEARLS;9996;2;9995;20;;;10004;2;10005;20;;;10000.0;-7.0
-1;13800;PINA_COLADAS;15031;20;15030;95;;;15033;95;;;;;15032.0;-203.109375
-1;13800;COCONUTS;8005;183;;;;;8006;79;8008;183;;;8005.5;-852.4375
-1;13800;BANANAS;4943;22;;;;;4950;22;;;;;4946.5;316.40625
-1;13900;COCONUTS;8004;193;;;;;8007;193;;;;;8005.5;-720.125
-1;13900;BANANAS;4943;2;4942;20;;;4949;22;;;;;4946.0;366.28125
-1;13900;PEARLS;9996;2;9995;20;;;10000;6;10004;2;10005;20;9998.0;-7.0
-1;13900;PINA_COLADAS;15026;87;;;;;15029;87;;;;;15027.5;-147.78125
-1;14000;PINA_COLADAS;15027;21;15026;69;;;15029;21;15030;69;;;15028.0;-158.75
-1;14000;COCONUTS;8004;175;;;;;8007;175;;;;;8005.5;-750.1875
-1;14000;BANANAS;4947;2;4943;7;4942;27;4949;29;;;;;4948.0;365.53125
-1;14000;PEARLS;9998;5;9996;2;9995;27;10004;2;10005;27;;;10001.0;-7.0
-1;14100;PINA_COLADAS;15024;90;;;;;15027;90;;;;;15025.5;-123.65625
-1;14100;COCONUTS;8004;53;8003;133;;;8006;186;;;;;8005.0;-667.75
-1;14100;BANANAS;4942;25;;;;;4949;25;;;;;4945.5;399.34375
-1;14100;PEARLS;9996;2;9995;23;;;10004;2;10005;23;;;10000.0;-7.0
-1;14200;BANANAS;4942;20;;;;;4949;21;;;;;4945.5;401.40625
-1;14200;PEARLS;9995;21;;;;;10005;21;;;;;10000.0;-7.0
-1;14200;PINA_COLADAS;15023;30;15022;55;;;15025;30;15026;55;;;15024.0;-103.03125
-1;14200;COCONUTS;8003;181;;;;;8006;181;;;;;8004.5;-628.125
-1;14300;COCONUTS;8003;185;;;;;8005;48;8006;137;;;8004.0;-589.5
-1;14300;PEARLS;9996;2;9995;27;;;10004;2;10005;27;;;10000.0;-7.0
-1;14300;PINA_COLADAS;15022;24;15021;61;;;15025;85;;;;;15023.5;-90.75
-1;14300;BANANAS;4943;29;;;;;4949;2;4950;27;;;4946.0;338.03125
-1;14400;PINA_COLADAS;15022;32;15021;61;;;15025;93;;;;;15023.5;-90.1875
-1;14400;COCONUTS;8003;177;;;;;8005;69;8006;108;;;8004.0;-597.5625
-1;14400;BANANAS;4942;30;;;;;4949;30;;;;;4945.5;373.34375
-1;14400;PEARLS;9996;1;9995;29;;;10004;1;10005;29;;;10000.0;-7.0
-1;14500;PINA_COLADAS;15025;23;15024;67;;;15027;23;15028;67;;;15026.0;-130.6875
-1;14500;BANANAS;4943;24;;;;;4948;1;4950;24;;;4945.5;341.03125
-1;14500;COCONUTS;8004;206;;;;;8006;73;8007;133;;;8005.0;-701.0
-1;14500;PEARLS;9995;24;;;;;10002;1;10005;24;;;9998.5;-7.0
-1;14600;PEARLS;9996;2;9995;26;;;10000;2;10004;2;10005;26;9998.0;-7.0
-1;14600;BANANAS;4943;2;4942;26;;;4949;28;;;;;4946.0;369.34375
-1;14600;COCONUTS;8004;208;;;;;8007;208;;;;;8005.5;-707.625
-1;14600;PINA_COLADAS;15025;90;;;;;15028;90;;;;;15026.5;-136.40625
-1;14700;COCONUTS;8004;65;8003;114;;;8006;179;;;;;8005.0;-669.9375
-1;14700;PEARLS;9995;30;;;;;10002;7;10005;30;;;9998.5;-7.0
-1;14700;PINA_COLADAS;15025;12;15024;72;;;15027;20;15028;72;;;15026.0;-139.46875
-1;14700;BANANAS;4942;30;;;;;4947;7;4949;30;;;4944.5;371.90625
-1;14800;PINA_COLADAS;15025;29;15024;53;;;15026;23;15027;29;15028;53;15025.5;-139.25
-1;14800;COCONUTS;8003;178;;;;;8005;43;8006;135;;;8004.0;-597.6875
-1;14800;PEARLS;9995;28;;;;;10002;6;10005;28;;;9998.5;-7.0
-1;14800;BANANAS;4942;28;;;;;4947;6;4949;28;;;4944.5;357.25
-1;14900;PINA_COLADAS;15026;37;15025;74;;;15029;111;;;;;15027.5;-162.65625
-1;14900;BANANAS;4942;26;;;;;4949;26;;;;;4945.5;368.8125
-1;14900;COCONUTS;8002;189;;;;;8005;189;;;;;8003.5;-528.9375
-1;14900;PEARLS;10000;4;9995;26;;;10005;26;;;;;10002.5;-7.0
-1;15000;PEARLS;9998;1;9995;25;;;10005;25;;;;;10001.5;-7.0
-1;15000;BANANAS;4943;1;4942;25;;;4949;25;;;;;4946.0;389.0625
-1;15000;PINA_COLADAS;15025;104;;;;;15028;104;;;;;15026.5;-152.15625
-1;15000;COCONUTS;8002;193;;;;;8004;80;8005;113;;;8003.0;-488.3125
-1;15100;COCONUTS;8002;176;;;;;8005;176;;;;;8003.5;-505.1875
-1;15100;PEARLS;9995;22;;;;;10005;22;;;;;10000.0;-7.0
-1;15100;PINA_COLADAS;15026;32;15025;72;;;15028;32;15029;72;;;15027.0;-158.9375
-1;15100;BANANAS;4942;22;;;;;4949;22;;;;;4945.5;357.375
-1;15200;PINA_COLADAS;15025;91;;;;;15028;91;;;;;15026.5;-148.0
-1;15200;COCONUTS;8002;175;;;;;8003;45;8005;175;;;8002.5;-513.3125
-1;15200;PEARLS;9998;6;9995;27;;;10005;27;;;;;10001.5;-7.0
-1;15200;BANANAS;4944;5;4943;27;;;4950;27;;;;;4947.0;308.84375
-1;15300;PINA_COLADAS;15028;95;;;;;15031;95;;;;;15029.5;-214.6875
-1;15300;BANANAS;4942;26;;;;;4947;1;4949;26;;;4944.5;355.78125
-1;15300;COCONUTS;8003;41;8002;150;;;8005;191;;;;;8004.0;-578.875
-1;15300;PEARLS;9995;26;;;;;10002;1;10005;26;;;9998.5;-7.0
-1;15400;PEARLS;9996;2;9995;28;;;9998;1;10004;2;10005;28;9997.0;-5.0
-1;15400;BANANAS;4942;30;;;;;4949;30;;;;;4945.5;375.90625
-1;15400;PINA_COLADAS;15028;33;15027;74;;;15031;107;;;;;15029.5;-208.21875
-1;15400;COCONUTS;8001;213;;;;;8004;213;;;;;8002.5;-395.875
-1;15500;COCONUTS;8002;57;8001;128;;;8004;185;;;;;8003.0;-458.125
-1;15500;PEARLS;10002;1;9996;2;9995;29;10004;2;10005;29;;;10003.0;-7.0
-1;15500;PINA_COLADAS;15031;85;;;;;15034;85;;;;;15032.5;-277.53125
-1;15500;BANANAS;4943;2;4942;29;;;4949;31;;;;;4946.0;362.28125
-1;15600;PINA_COLADAS;15034;91;;;;;15037;91;;;;;15035.5;-343.1875
-1;15600;COCONUTS;8002;161;;;;;8005;174;;;;;8003.5;-531.625
-1;15600;PEARLS;9996;2;9995;24;;;10004;2;10005;24;;;10000.0;-7.0
-1;15600;BANANAS;4943;26;;;;;4950;26;;;;;4946.5;310.65625
-1;15700;PINA_COLADAS;15031;20;15030;52;;;15033;20;15034;52;;;15032.0;-270.28125
-1;15700;PEARLS;10002;5;9996;1;9995;24;10004;1;10005;24;;;10003.0;3.0
-1;15700;BANANAS;4944;25;;;;;4949;1;4950;1;4951;24;4946.5;242.25
-1;15700;COCONUTS;8000;196;;;;;8003;196;;;;;8001.5;-308.5
-1;15800;BANANAS;4949;1;4945;10;4944;22;4950;2;4951;20;;;4949.5;249.625
-1;15800;PINA_COLADAS;15034;40;15033;69;;;15036;40;15037;69;;;15035.0;-337.78125
-1;15800;PEARLS;9998;10;9996;2;9995;20;10004;2;10005;20;;;10001.0;3.0
-1;15800;COCONUTS;8001;215;;;;;8004;215;;;;;8002.5;-415.0625
-1;15900;COCONUTS;8002;75;8001;177;;;8004;177;;;;;8003.0;-414.0625
-1;15900;PINA_COLADAS;15035;82;;;;;15038;82;;;;;15036.5;-367.875
-1;15900;PEARLS;9996;2;9995;29;;;10000;6;10004;2;10005;29;9998.0;3.0
-1;15900;BANANAS;4944;31;;;;;4951;31;;;;;4947.5;211.375
-1;16000;PINA_COLADAS;15035;93;;;;;15038;93;;;;;15036.5;-366.90625
-1;16000;PEARLS;9996;2;9995;27;;;10002;6;10004;2;10005;27;9999.0;3.0
-1;16000;COCONUTS;8000;187;;;;;8003;187;;;;;8001.5;-276.6875
-1;16000;BANANAS;4945;29;;;;;4950;6;4951;2;4952;27;4947.5;164.28125
-1;16100;PINA_COLADAS;15037;29;15036;52;;;15039;29;15040;52;;;15038.0;-402.0625
-1;16100;PEARLS;9995;21;;;;;10000;2;10002;10;10005;21;9997.5;3.0
-1;16100;BANANAS;4944;21;;;;;4949;10;4951;21;;;4946.5;186.40625
-1;16100;COCONUTS;8000;191;;;;;8003;191;;;;;8001.5;-305.1875
-1;16200;BANANAS;4950;1;4944;24;;;4951;24;;;;;4950.5;187.15625
-1;16200;PINA_COLADAS;15032;23;15031;64;;;15034;23;15035;64;;;15033.0;-291.3125
-1;16200;PEARLS;9995;24;;;;;9998;1;10005;24;;;9996.5;3.0
-1;16200;COCONUTS;7999;185;;;;;8002;185;;;;;8000.5;-188.0
-1;16300;COCONUTS;7999;213;;;;;8002;213;;;;;8000.5;-167.0625
-1;16300;PINA_COLADAS;15031;26;15030;57;;;15033;26;15034;57;;;15032.0;-269.21875
-1;16300;PEARLS;9996;1;9995;22;;;10004;1;10005;22;;;10000.0;1.0
-1;16300;BANANAS;4944;23;;;;;4946;2;4951;23;;;4945.0;208.5
-1;16400;PINA_COLADAS;15032;24;15031;69;;;15034;24;15035;69;;;15033.0;-293.46875
-1;16400;PEARLS;9996;2;9995;30;;;10002;3;10004;2;10005;30;9999.0;7.0
-1;16400;COCONUTS;7999;169;;;;;8002;169;;;;;8000.5;-219.625
-1;16400;BANANAS;4945;2;4944;30;;;4949;4;4951;32;;;4947.0;182.46875
-1;16500;PINA_COLADAS;15032;94;;;;;15035;38;15036;56;;;15033.5;-310.5625
-1;16500;PEARLS;9996;2;9995;21;;;10002;7;10004;2;10005;21;9999.0;7.0
-1;16500;BANANAS;4945;2;4944;21;;;4949;7;4951;23;;;4947.0;190.28125
-1;16500;COCONUTS;8001;56;8000;166;;;8003;166;;;;;8002.0;-324.1875
-1;16600;BANANAS;4945;30;;;;;4946;1;4951;30;;;4945.5;160.75
-1;16600;PINA_COLADAS;15036;104;;;;;15039;104;;;;;15037.5;-397.21875
-1;16600;PEARLS;9998;4;9996;2;9995;28;10004;2;10005;28;;;10001.0;7.0
-1;16600;COCONUTS;8001;197;;;;;8004;197;;;;;8002.5;-419.625
-1;16700;COCONUTS;8001;191;;;;;8004;191;;;;;8002.5;-399.875
-1;16700;PINA_COLADAS;15036;10;15035;64;;;15038;40;15039;64;;;15037.0;-406.625
-1;16700;PEARLS;10002;1;9995;26;;;10005;26;;;;;10003.5;7.0
-1;16700;BANANAS;4944;26;;;;;4946;4;4951;26;;;4945.0;187.09375
-1;16800;PEARLS;9995;26;;;;;10005;26;;;;;10000.0;9.0
-1;16800;COCONUTS;7999;191;;;;;8002;191;;;;;8000.5;-189.5
-1;16800;PINA_COLADAS;15033;24;15032;58;;;15036;82;;;;;15034.5;-264.4375
-1;16800;BANANAS;4944;26;;;;;4951;26;;;;;4947.5;225.5625
-1;16900;PEARLS;9996;1;9995;25;;;10004;1;10005;25;;;10000.0;-16.0
-1;16900;PINA_COLADAS;15035;79;;;;;15038;79;;;;;15036.5;-375.6875
-1;16900;COCONUTS;7999;69;7998;103;;;8001;172;;;;;8000.0;-122.1875
-1;16900;BANANAS;4944;26;;;;;4951;26;;;;;4947.5;217.9375
-1;17000;COCONUTS;7999;185;;;;;8001;57;8002;128;;;8000.0;-147.375
-1;17000;BANANAS;4945;9;4944;29;;;4951;29;;;;;4948.0;223.1875
-1;17000;PEARLS;9998;9;9995;29;;;10005;29;;;;;10001.5;-16.0
-1;17000;PINA_COLADAS;15036;72;;;;;15039;72;;;;;15037.5;-428.6875
-1;17100;PEARLS;9996;2;9995;21;;;10004;2;10005;21;;;10000.0;-16.0
-1;17100;PINA_COLADAS;15034;101;;;;;15037;101;;;;;15035.5;-316.9375
-1;17100;COCONUTS;7999;191;;;;;8002;191;;;;;8000.5;-218.875
-1;17100;BANANAS;4945;2;4944;21;;;4951;23;;;;;4948.0;157.5
-1;17200;PEARLS;9998;3;9996;2;9995;22;10004;2;10005;22;;;10001.0;-16.0
-1;17200;PINA_COLADAS;15036;11;15034;87;;;15037;87;;;;;15036.5;-324.25
-1;17200;COCONUTS;8000;68;7999;116;;;8002;184;;;;;8001.0;-230.0
-1;17200;BANANAS;4946;3;4945;24;;;4951;2;4952;22;;;4948.5;132.78125
-1;17300;PEARLS;9996;2;9995;23;;;10002;9;10004;2;10005;23;9999.0;-16.0
-1;17300;PINA_COLADAS;15032;91;;;;;15035;91;;;;;15033.5;-207.5625
-1;17300;COCONUTS;7999;4;7998;136;;;8001;192;;;;;8000.0;-175.125
-1;17300;BANANAS;4945;25;;;;;4950;7;4952;25;;;4947.5;79.625
-1;17400;COCONUTS;7999;49;7998;167;;;8001;167;;;;;8000.0;-119.25
-1;17400;BANANAS;4947;7;4946;28;;;4953;28;;;;;4950.0;44.25
-1;17400;PEARLS;10000;6;9998;7;9995;28;10005;28;;;;;10002.5;-16.0
-1;17400;PINA_COLADAS;15031;97;;;;;15034;97;;;;;15032.5;-142.5625
-1;17500;PEARLS;9995;26;;;;;10005;26;;;;;10000.0;-16.0
-1;17500;PINA_COLADAS;15030;25;15029;59;;;15033;84;;;;;15031.5;-52.875
-1;17500;COCONUTS;7997;177;;;;;8000;177;;;;;7998.5;35.0
-1;17500;BANANAS;4946;26;;;;;4953;26;;;;;4949.5;5.5625
-1;17600;PEARLS;9998;6;9995;30;;;10005;30;;;;;10001.5;-16.0
-1;17600;PINA_COLADAS;15030;93;;;;;15033;93;;;;;15031.5;-75.625
-1;17600;COCONUTS;7997;188;;;;;8000;188;;;;;7998.5;45.0
-1;17600;BANANAS;4946;6;4945;30;;;4952;30;;;;;4949.0;96.8125
-1;17700;PEARLS;9996;2;9995;27;;;10004;2;10005;27;;;10000.0;-16.0
-1;17700;PINA_COLADAS;15025;35;15024;61;;;15027;35;15028;61;;;15026.0;274.5
-1;17700;COCONUTS;7996;188;;;;;7998;51;7999;137;;;7997.0;297.75
-1;17700;BANANAS;4950;1;4945;29;;;4951;2;4952;27;;;4950.5;130.6875
-1;17800;COCONUTS;7996;173;;;;;7998;65;7999;108;;;7997.0;313.25
-1;17800;BANANAS;4945;2;4944;24;;;4949;5;4951;26;;;4947.0;164.875
-1;17800;PEARLS;9996;2;9995;24;;;10002;5;10004;2;10005;24;9999.0;-16.0
-1;17800;PINA_COLADAS;15025;77;;;;;15028;77;;;;;15026.5;246.75
-1;17900;PEARLS;9995;23;;;;;10005;23;;;;;10000.0;-16.0
-1;17900;COCONUTS;7996;184;;;;;7999;184;;;;;7997.5;208.5
-1;17900;PINA_COLADAS;15027;21;15026;56;;;15029;21;15030;56;;;15028.0;151.875
-1;17900;BANANAS;4944;23;;;;;4951;23;;;;;4947.5;169.375
-1;18000;PINA_COLADAS;15023;38;15022;54;;;15026;92;;;;;15024.5;388.625
-1;18000;PEARLS;9996;2;9995;25;;;10004;2;10005;25;;;10000.0;-16.0
-1;18000;COCONUTS;7995;180;;;;;7998;180;;;;;7996.5;364.125
-1;18000;BANANAS;4945;2;4944;25;;;4951;27;;;;;4948.0;160.25
-1;18100;PEARLS;9995;20;;;;;10005;20;;;;;10000.0;-16.0
-1;18100;PINA_COLADAS;15026;89;;;;;15029;89;;;;;15027.5;169.5
-1;18100;COCONUTS;7996;188;;;;;7999;210;;;;;7997.5;173.5
-1;18100;BANANAS;4945;20;;;;;4952;20;;;;;4948.5;127.1875
-1;18200;COCONUTS;7994;184;;;;;7997;184;;;;;7995.5;562.625
-1;18200;BANANAS;4945;25;;;;;4946;2;4952;26;;;4945.5;116.5
-1;18200;PINA_COLADAS;15025;82;;;;;15028;82;;;;;15026.5;238.9375
-1;18200;PEARLS;9996;1;9995;25;;;10004;1;10005;25;;;10000.0;-16.0
-1;18300;PEARLS;9996;2;9995;23;;;10004;2;10005;23;;;10000.0;-16.0
-1;18300;PINA_COLADAS;15025;90;;;;;15028;90;;;;;15026.5;248.0625
-1;18300;COCONUTS;7995;158;;;;;7997;45;7998;113;;;7996.0;467.125
-1;18300;BANANAS;4944;25;;;;;4951;25;;;;;4947.5;214.625
-1;18400;PINA_COLADAS;15023;103;;;;;15026;103;;;;;15024.5;369.25
-1;18400;PEARLS;9996;2;9995;23;;;10004;2;10005;23;;;10000.0;-16.0
-1;18400;COCONUTS;7994;191;;;;;7996;77;7997;114;;;7995.0;660.625
-1;18400;BANANAS;4945;25;;;;;4951;2;4952;23;;;4948.0;144.625
-1;18500;PEARLS;9995;29;;;;;10000;2;10005;29;;;9997.5;-16.0
-1;18500;PINA_COLADAS;15021;89;;;;;15024;89;;;;;15022.5;493.9375
-1;18500;COCONUTS;7994;77;7993;145;;;7996;222;;;;;7995.0;715.75
-1;18500;BANANAS;4950;1;4945;29;;;4952;29;;;;;4951.0;145.875
-1;18600;COCONUTS;7994;141;;;;;7996;41;7997;100;;;7995.0;673.125
-1;18600;BANANAS;4945;20;;;;;4952;20;;;;;4948.5;132.8125
-1;18600;PINA_COLADAS;15021;84;;;;;15024;84;;;;;15022.5;491.5625
-1;18600;PEARLS;10002;1;9995;20;;;10005;20;;;;;10003.5;-16.0
-1;18700;BANANAS;4945;22;;;;;4952;22;;;;;4948.5;147.8125
-1;18700;PEARLS;9995;22;;;;;10005;22;;;;;10000.0;-16.0
-1;18700;PINA_COLADAS;15023;36;15022;56;;;15025;36;15026;56;;;15024.0;392.75
-1;18700;COCONUTS;7994;165;;;;;7997;165;;;;;7995.5;577.125
-1;18800;PINA_COLADAS;15021;101;;;;;15024;101;;;;;15022.5;481.0
-1;18800;PEARLS;9996;2;9995;26;;;10004;2;10005;26;;;10000.0;-16.0
-1;18800;COCONUTS;7993;173;;;;;7995;41;7996;132;;;7994.0;859.125
-1;18800;BANANAS;4945;28;;;;;4952;28;;;;;4948.5;107.25
-1;18900;BANANAS;4946;2;4945;22;;;4952;22;;;;;4949.0;77.5625
-1;18900;PEARLS;9998;2;9995;22;;;10005;22;;;;;10001.5;-16.0
-1;18900;PINA_COLADAS;15023;82;;;;;15026;82;;;;;15024.5;358.0
-1;18900;COCONUTS;7994;65;7993;205;;;7996;205;;;;;7995.0;828.5
-1;19000;COCONUTS;7992;80;7991;135;;;7994;215;;;;;7993.0;1108.0
-1;19000;BANANAS;4945;28;;;;;4951;2;4952;26;;;4948.0;129.0
-1;19000;PINA_COLADAS;15023;90;;;;;15026;90;;;;;15024.5;348.125
-1;19000;PEARLS;9996;2;9995;26;;;10004;2;10005;26;;;10000.0;-16.0
-1;19100;PEARLS;9996;2;9995;26;;;10004;2;10005;26;;;10000.0;-16.0
-1;19100;BANANAS;4945;28;;;;;4951;2;4952;26;;;4948.0;141.75
-1;19100;COCONUTS;7992;118;7991;141;;;7994;188;;;;;7993.0;1091.25
-1;19100;PINA_COLADAS;15024;92;;;;;15027;92;;;;;15025.5;318.1875
-1;19200;PINA_COLADAS;15022;100;;;;;15025;100;;;;;15023.5;412.6875
-1;19200;PEARLS;9996;1;9995;20;;;9998;1;10004;1;10005;20;9997.0;-16.0
-1;19200;COCONUTS;7992;80;7991;225;;;7994;225;;;;;7993.0;1140.125
-1;19200;BANANAS;4945;21;;;;;4952;21;;;;;4948.5;112.75
-1;19300;PEARLS;9996;2;9995;21;;;10004;2;10005;21;;;10000.0;-16.0
-1;19300;BANANAS;4945;23;;;;;4952;23;;;;;4948.5;82.875
-1;19300;PINA_COLADAS;15020;97;;;;;15023;97;;;;;15021.5;564.0625
-1;19300;COCONUTS;7992;51;7991;111;;;7994;162;;;;;7993.0;1092.25
-1;19400;COCONUTS;7991;185;;;;;7993;69;7994;116;;;7992.0;1258.5
-1;19400;BANANAS;4946;26;;;;;4953;26;;;;;4949.5;24.1875
-1;19400;PINA_COLADAS;15019;21;15018;55;;;15021;21;15022;55;;;15020.0;647.4375
-1;19400;PEARLS;9995;26;;;;;10005;26;;;;;10000.0;-20.0
-1;19500;PEARLS;9995;23;;;;;10005;23;;;;;10000.0;-20.0
-1;19500;BANANAS;4946;23;;;;;4953;23;;;;;4949.5;34.5
-1;19500;PINA_COLADAS;15020;25;15019;67;;;15023;92;;;;;15021.5;580.625
-1;19500;COCONUTS;7990;190;;;;;7993;190;;;;;7991.5;1314.375
-1;19600;PINA_COLADAS;15018;79;;;;;15021;79;;;;;15019.5;678.1875
-1;19600;PEARLS;9996;2;9995;27;;;10004;2;10005;27;;;10000.0;-20.0
-1;19600;COCONUTS;7989;152;;;;;7992;152;;;;;7990.5;1502.75
-1;19600;BANANAS;4946;29;;;;;4952;2;4953;27;;;4949.0;20.3125
-1;19700;PEARLS;10002;1;9996;2;9995;30;10004;2;10005;30;;;10003.0;-20.0
-1;19700;BANANAS;4946;31;;;;;4952;2;4953;30;;;4949.0;19.4375
-1;19700;PINA_COLADAS;15017;102;;;;;15020;102;;;;;15018.5;761.0625
-1;19700;COCONUTS;7989;186;;;;;7992;186;;;;;7990.5;1504.75
-1;19800;COCONUTS;7990;172;;;;;7993;172;;;;;7991.5;1393.25
-1;19800;BANANAS;4946;31;;;;;4952;2;4953;29;;;4949.0;9.9375
-1;19800;PINA_COLADAS;15020;95;;;;;15023;95;;;;;15021.5;539.125
-1;19800;PEARLS;9996;2;9995;29;;;10004;2;10005;29;;;10000.0;-18.0
-1;19900;PEARLS;9996;2;9995;30;;;10004;2;10005;30;;;10000.0;-18.0
-1;19900;BANANAS;4950;5;4946;32;;;4952;2;4953;30;;;4951.0;26.9375
-1;19900;PINA_COLADAS;15023;110;;;;;15026;110;;;;;15024.5;356.125
-1;19900;COCONUTS;7990;201;;;;;7993;201;;;;;7991.5;1310.375
-1;20000;PINA_COLADAS;15023;85;;;;;15026;85;;;;;15024.5;361.0
-1;20000;PEARLS;9995;27;;;;;10002;4;10005;27;;;9998.5;-18.0
-1;20000;COCONUTS;7990;159;;;;;7993;159;;;;;7991.5;1346.625
-1;20000;BANANAS;4946;27;;;;;4951;4;4953;27;;;4948.5;-17.125
-1;20100;PEARLS;10002;1;9996;1;9995;30;10004;1;10005;30;;;10003.0;-10.0
-1;20100;BANANAS;4946;31;;;;;4951;4;4952;1;4953;30;4948.5;26.375
-1;20100;COCONUTS;7991;179;;;;;7994;179;;;;;7992.5;1176.75
-1;20100;PINA_COLADAS;15026;36;15025;75;;;15029;111;;;;;15027.5;198.875
-1;20200;COCONUTS;7992;43;7991;150;;;7994;193;;;;;7993.0;1099.0
-1;20200;BANANAS;4946;29;;;;;4953;29;;;;;4949.5;16.5
-1;20200;PINA_COLADAS;15026;82;;;;;15029;82;;;;;15027.5;165.5
-1;20200;PEARLS;9995;29;;;;;9998;1;10005;29;;;9996.5;-8.0
-1;20300;BANANAS;4945;27;;;;;4946;1;4952;27;;;4945.5;60.375
-1;20300;PINA_COLADAS;15026;87;;;;;15029;22;15030;65;;;15027.5;152.5
-1;20300;PEARLS;9995;27;;;;;10005;27;;;;;10000.0;-10.0
-1;20300;COCONUTS;7993;57;7992;111;;;7995;168;;;;;7994.0;912.875
-1;20400;PINA_COLADAS;15027;90;;;;;15030;90;;;;;15028.5;131.6875
-1;20400;PEARLS;9996;1;9995;28;;;10000;4;10004;1;10005;28;9998.0;-10.0
-1;20400;COCONUTS;7993;158;;;;;7995;45;7996;113;;;7994.0;858.5
-1;20400;BANANAS;4946;29;;;;;4952;1;4953;28;;;4949.0;29.125
-1;20500;BANANAS;4946;32;;;;;4952;2;4953;30;;;4949.0;20.625
-1;20500;PINA_COLADAS;15025;81;;;;;15028;81;;;;;15026.5;239.5625
-1;20500;PEARLS;10000;3;9996;2;9995;30;10004;2;10005;30;;;10002.0;-12.0
-1;20500;COCONUTS;7993;41;7992;139;;;7995;180;;;;;7994.0;908.625
-1;20600;COCONUTS;7993;173;;;;;7996;173;;;;;7994.5;836.5
-1;20600;BANANAS;4947;28;;;;;4953;2;4954;26;;;4950.0;-98.625
-1;20600;PINA_COLADAS;15027;39;15026;68;;;15029;39;15030;68;;;15028.0;140.875
-1;20600;PEARLS;9996;2;9995;26;;;10004;2;10005;26;;;10000.0;-12.0
-1;20700;BANANAS;4948;4;4947;22;;;4950;3;4953;22;;;4949.0;-76.0
-1;20700;PINA_COLADAS;15026;100;;;;;15029;100;;;;;15027.5;184.0625
-1;20700;PEARLS;10002;1;10000;6;9998;4;10005;22;;;;;10003.5;-12.0
-1;20700;COCONUTS;7994;218;;;;;7996;71;7997;147;;;7995.0;659.875
-1;20800;PINA_COLADAS;15027;94;;;;;15030;100;;;;;15028.5;116.5
-1;20800;PEARLS;9996;2;9995;22;;;10004;2;10005;22;;;10000.0;-10.0
-1;20800;COCONUTS;7994;59;7993;112;;;7996;171;;;;;7995.0;695.0
-1;20800;BANANAS;4948;2;4947;22;;;4954;24;;;;;4951.0;-173.5625
-1;20900;BANANAS;4953;1;4947;23;;;4954;23;;;;;4953.5;-159.4375
-1;20900;PINA_COLADAS;15027;85;;;;;15030;85;;;;;15028.5;123.125
-1;20900;PEARLS;9995;23;;;;;10005;23;;;;;10000.0;-10.0
-1;20900;COCONUTS;7994;152;;;;;7997;152;;;;;7995.5;644.375
-1;21000;COCONUTS;7993;162;;;;;7996;162;;;;;7994.5;769.375
-1;21000;BANANAS;4948;28;;;;;4951;6;4954;2;4955;26;4949.5;-197.1875
-1;21000;PINA_COLADAS;15026;101;;;;;15027;20;15029;101;;;15026.5;159.0625
-1;21000;PEARLS;9996;2;9995;26;;;10004;2;10005;26;;;10000.0;-10.0
-1;21100;BANANAS;4948;24;;;;;4955;24;;;;;4951.5;-228.875
-1;21100;PINA_COLADAS;15028;101;;;;;15031;101;;;;;15029.5;47.5
-1;21100;PEARLS;9996;2;9995;22;;;10004;2;10005;22;;;10000.0;-10.0
-1;21100;COCONUTS;7994;166;;;;;7997;166;;;;;7995.5;608.25
-1;21200;PEARLS;9995;22;;;;;9998;1;10005;22;;;9996.5;-10.0
-1;21200;PINA_COLADAS;15029;88;;;;;15032;88;;;;;15030.5;-19.1875
-1;21200;COCONUTS;7994;40;7993;103;;;7996;143;;;;;7995.0;710.75
-1;21200;BANANAS;4947;22;;;;;4954;22;;;;;4950.5;-177.875
-1;21300;BANANAS;4948;1;4947;29;;;4952;7;4954;30;;;4950.0;-186.8125
-1;21300;PEARLS;9996;1;9995;29;;;10002;7;10004;1;10005;29;9999.0;-12.0
-1;21300;COCONUTS;7992;192;;;;;7995;192;;;;;7993.5;1011.125
-1;21300;PINA_COLADAS;15023;80;;;;;15024;21;15026;26;15027;54;15023.5;346.75
-1;21400;COCONUTS;7993;70;7992;129;;;7995;199;;;;;7994.0;882.125
-1;21400;BANANAS;4948;28;;;;;4955;28;;;;;4951.5;-236.8125
-1;21400;PEARLS;9995;28;;;;;10005;28;;;;;10000.0;-44.0
-1;21400;PINA_COLADAS;15026;78;;;;;15029;78;;;;;15027.5;140.375
-1;21500;COCONUTS;7992;67;7991;129;;;7994;196;;;;;7993.0;1096.375
-1;21500;BANANAS;4950;2;4948;1;4947;20;4954;21;;;;;4952.0;-185.125
-1;21500;PEARLS;9996;1;9995;20;;;10004;1;10005;20;;;10000.0;-44.0
-1;21500;PINA_COLADAS;15024;111;;;;;15027;111;;;;;15025.5;279.25
-1;21600;PEARLS;10002;12;9996;2;9995;25;10004;2;10005;25;;;10003.0;-44.0
-1;21600;PINA_COLADAS;15026;81;;;;;15029;81;;;;;15027.5;131.625
-1;21600;COCONUTS;7993;74;7992;117;;;7995;191;;;;;7994.0;889.25
-1;21600;BANANAS;4952;5;4948;27;;;4955;27;;;;;4953.5;-247.625
-1;21700;COCONUTS;7992;180;;;;;7995;180;;;;;7993.5;995.375
-1;21700;BANANAS;4948;10;4947;29;;;4954;31;;;;;4951.0;-182.0625
-1;21700;PEARLS;9998;8;9996;2;9995;29;10004;2;10005;29;;;10001.0;-44.0
-1;21700;PINA_COLADAS;15025;108;;;;;15026;22;15028;34;15029;74;15025.5;179.625
-1;21800;COCONUTS;7991;224;;;;;7994;224;;;;;7992.5;1198.625
-1;21800;BANANAS;4948;24;;;;;4954;2;4955;22;;;4951.0;-205.0
-1;21800;PEARLS;9996;2;9995;22;;;10004;2;10005;22;;;10000.0;-44.0
-1;21800;PINA_COLADAS;15022;89;;;;;15025;89;;;;;15023.5;442.125
-1;21900;COCONUTS;7990;182;;;;;7993;182;;;;;7991.5;1354.75
-1;21900;BANANAS;4948;1;4947;21;;;4954;22;;;;;4951.0;-168.5625
-1;21900;PEARLS;10002;3;9996;1;9995;21;10004;1;10005;21;;;10003.0;-44.0
-1;21900;PINA_COLADAS;15019;76;;;;;15022;76;;;;;15020.5;684.625
-1;22000;PEARLS;9995;21;;;;;10005;21;;;;;10000.0;-44.0
-1;22000;PINA_COLADAS;15018;75;;;;;15021;20;15022;55;;;15019.5;760.375
-1;22000;COCONUTS;7991;185;;;;;7993;79;7994;106;;;7992.0;1259.0
-1;22000;BANANAS;4947;21;;;;;4954;21;;;;;4950.5;-133.5
-1;22100;COCONUTS;7990;198;;;;;7993;198;;;;;7991.5;1343.875
-1;22100;BANANAS;4948;1;4947;22;;;4952;7;4954;24;;;4950.0;-172.5
-1;22100;PEARLS;9996;2;9995;22;;;10002;7;10004;2;10005;22;9999.0;-44.0
-1;22100;PINA_COLADAS;15020;80;;;;;15023;80;;;;;15021.5;610.125
-1;22200;COCONUTS;7991;205;;;;;7993;69;7994;136;;;7992.0;1240.375
-1;22200;BANANAS;4949;6;4948;21;;;4954;1;4955;20;;;4951.5;-215.4375
-1;22200;PEARLS;9998;6;9996;1;9995;20;10004;1;10005;20;;;10001.0;-44.0
-1;22200;PINA_COLADAS;15023;91;;;;;15026;31;15027;60;;;15024.5;344.0
-1;22300;PINA_COLADAS;15022;102;;;;;15025;102;;;;;15023.5;467.125
-1;22300;COCONUTS;7990;153;;;;;7993;153;;;;;7991.5;1406.375
-1;22300;BANANAS;4948;29;;;;;4955;29;;;;;4951.5;-246.0
-1;22300;PEARLS;9996;1;9995;28;;;10004;1;10005;28;;;10000.0;-56.0
-1;22400;PEARLS;9996;2;9995;27;;;9998;1;10004;2;10005;27;9997.0;-56.0
-1;22400;COCONUTS;7991;44;7990;115;;;7993;159;;;;;7992.0;1274.0
-1;22400;PINA_COLADAS;15023;94;;;;;15026;94;;;;;15024.5;372.75
-1;22400;BANANAS;4948;29;;;;;4955;29;;;;;4951.5;-294.5625
-1;22500;COCONUTS;7991;183;;;;;7993;71;7994;112;;;7992.0;1255.5
-1;22500;BANANAS;4948;31;;;;;4955;31;;;;;4951.5;-279.25
-1;22500;PEARLS;9996;2;9995;29;;;10004;2;10005;29;;;10000.0;-58.0
-1;22500;PINA_COLADAS;15021;36;15020;58;;;15023;36;15024;58;;;15022.0;578.5
-1;22600;PINA_COLADAS;15022;93;;;;;15025;93;;;;;15023.5;437.375
-1;22600;COCONUTS;7991;169;;;;;7993;41;7994;128;;;7992.0;1240.5
-1;22600;BANANAS;4949;6;4948;22;;;4955;22;;;;;4952.0;-270.5625
-1;22600;PEARLS;10000;6;9998;6;9996;2;10004;2;10005;20;;;10002.0;-58.0
-1;22700;PINA_COLADAS;15027;89;;;;;15030;89;;;;;15028.5;34.0
-1;22700;COCONUTS;7994;117;7993;114;;;7996;188;;;;;7995.0;721.125
-1;22700;BANANAS;4949;1;4948;24;;;4955;26;;;;;4952.0;-329.25
-1;22700;PEARLS;9996;2;9995;24;;;10004;2;10005;24;;;10000.0;-58.0
-1;22800;PEARLS;9996;1;9995;27;;;9998;2;10004;1;10005;27;9997.0;-58.0
-1;22800;PINA_COLADAS;15027;34;15026;62;;;15029;34;15030;62;;;15028.0;82.5
-1;22800;COCONUTS;7992;195;;;;;7995;195;;;;;7993.5;929.75
-1;22800;BANANAS;4948;27;;;;;4954;1;4955;27;;;4951.0;-225.1875
-1;22900;COCONUTS;7993;179;;;;;7996;179;;;;;7994.5;804.0
-1;22900;BANANAS;4948;32;;;;;4953;8;4954;2;4955;30;4950.5;-238.5
-1;22900;PEARLS;9996;2;9995;30;;;10002;8;10004;2;10005;30;9999.0;-62.0
-1;22900;PINA_COLADAS;15028;94;;;;;15031;94;;;;;15029.5;-29.125
-1;23000;PINA_COLADAS;15025;78;;;;;15028;28;15029;50;;;15026.5;182.75
-1;23000;COCONUTS;7992;182;;;;;7994;65;7995;117;;;7993.0;1051.25
-1;23000;BANANAS;4948;22;;;;;4955;22;;;;;4951.5;-310.3125
-1;23000;PEARLS;9996;1;9995;21;;;10004;1;10005;21;;;10000.0;-62.0
-1;23100;PINA_COLADAS;15024;97;;;;;15027;97;;;;;15025.5;314.875
-1;23100;BANANAS;4949;8;4948;23;;;4955;23;;;;;4952.0;-288.1875
-1;23100;COCONUTS;7991;164;;;;;7994;164;;;;;7992.5;1115.625
-1;23100;PEARLS;9998;8;9995;23;;;10005;23;;;;;10001.5;-62.0
-1;23200;BANANAS;4953;7;4949;5;4948;31;4955;31;;;;;4954.0;-260.4375
-1;23200;PEARLS;9998;5;9996;2;9995;29;10004;2;10005;29;;;10001.0;-62.0
-1;23200;PINA_COLADAS;15023;84;;;;;15026;84;;;;;15024.5;367.875
-1;23200;COCONUTS;7991;49;7990;142;;;7993;191;;;;;7992.0;1286.75
-1;23300;COCONUTS;7990;157;;;;;7993;157;;;;;7991.5;1381.0
-1;23300;PEARLS;9996;1;9995;29;;;10004;1;10005;29;;;10000.0;-68.0
-1;23300;PINA_COLADAS;15021;89;;;;;15024;89;;;;;15022.5;528.375
-1;23300;BANANAS;4948;1;4947;29;;;4954;30;;;;;4951.0;-197.5
-1;23400;COCONUTS;7991;41;7990;191;;;7993;191;;;;;7992.0;1374.875
-1;23400;PINA_COLADAS;15019;83;;;;;15022;83;;;;;15020.5;708.875
-1;23400;BANANAS;4952;2;4948;30;;;4954;30;;;;;4953.0;-202.0
-1;23400;PEARLS;9996;1;9995;29;;;10004;1;10005;29;;;10000.0;-68.0
-1;23500;PINA_COLADAS;15020;39;15019;20;15018;51;15022;71;;;;;15021.0;737.5
-1;23500;BANANAS;4948;9;4947;28;;;4954;30;;;;;4951.0;-184.75
-1;23500;COCONUTS;7989;168;;;;;7992;168;;;;;7990.5;1571.75
-1;23500;PEARLS;9998;8;9996;2;9995;28;10004;2;10005;28;;;10001.0;-68.0
-1;23600;PEARLS;9995;27;;;;;10005;27;;;;;10000.0;-68.0
-1;23600;BANANAS;4951;1;4948;27;;;4955;27;;;;;4953.0;-232.125
-1;23600;PINA_COLADAS;15019;93;;;;;15020;30;15022;93;;;15019.5;685.375
-1;23600;COCONUTS;7990;56;7989;136;;;7992;192;;;;;7991.0;1485.25
-1;23700;COCONUTS;7989;199;;;;;7991;80;7992;119;;;7990.0;1630.625
-1;23700;PEARLS;10002;1;9996;2;9995;21;10004;2;10005;21;;;10003.0;-68.0
-1;23700;PINA_COLADAS;15017;86;;;;;15020;86;;;;;15018.5;873.25
-1;23700;BANANAS;4947;23;;;;;4954;23;;;;;4950.5;-163.375
-1;23800;PINA_COLADAS;15018;95;;;;;15021;30;15022;65;;;15019.5;762.5
-1;23800;COCONUTS;7989;180;;;;;7992;180;;;;;7990.5;1500.375
-1;23800;PEARLS;9995;30;;;;;10005;30;;;;;10000.0;-66.0
-1;23800;BANANAS;4953;1;4947;30;;;4954;30;;;;;4953.5;-181.6875
-1;23900;PINA_COLADAS;15018;83;;;;;15021;83;;;;;15019.5;788.625
-1;23900;BANANAS;4953;1;4947;30;;;4954;30;;;;;4953.5;-141.0
-1;23900;COCONUTS;7989;199;;;;;7992;199;;;;;7990.5;1606.75
-1;23900;PEARLS;9995;30;;;;;10005;30;;;;;10000.0;-66.0
-1;24000;PEARLS;9998;9;9995;29;;;10005;29;;;;;10001.5;-66.0
-1;24000;BANANAS;4948;9;4947;29;;;4953;29;;;;;4950.5;-48.6875
-1;24000;PINA_COLADAS;15020;35;15019;58;;;15022;35;15023;58;;;15021.0;661.875
-1;24000;COCONUTS;7989;210;;;;;7991;62;7992;148;;;7990.0;1639.375
-1;24100;COCONUTS;7989;172;;;;;7991;72;7992;100;;;7990.0;1638.5
-1;24100;PEARLS;9996;1;9995;25;;;10004;1;10005;25;;;10000.0;-66.0
-1;24100;PINA_COLADAS;15020;85;;;;;15023;85;;;;;15021.5;641.75
-1;24100;BANANAS;4952;1;4946;26;;;4953;26;;;;;4952.5;17.875
-1;24200;PINA_COLADAS;15019;80;;;;;15022;80;;;;;15020.5;703.375
-1;24200;COCONUTS;7989;54;7988;140;;;7991;194;;;;;7990.0;1670.25
-1;24200;PEARLS;9996;2;9995;28;;;10002;6;10004;2;10005;28;9999.0;-98.0
-1;24200;BANANAS;4946;2;4945;28;;;4950;6;4952;30;;;4948.0;132.8125
-1;24300;PINA_COLADAS;15021;31;15020;75;;;15023;31;15024;75;;;15022.0;577.625
-1;24300;BANANAS;4949;2;4945;2;4944;24;4951;26;;;;;4950.0;279.9375
-1;24300;COCONUTS;7989;178;;;;;7992;178;;;;;7990.5;1516.75
-1;24300;PEARLS;9996;2;9995;24;;;10002;1;10004;2;10005;24;9999.0;-98.0
-1;24400;PEARLS;10002;1;9998;4;9996;1;10004;1;10005;21;;;10003.0;-98.0
-1;24400;BANANAS;4950;1;4945;4;4944;22;4951;22;;;;;4950.5;329.9375
-1;24400;PINA_COLADAS;15028;27;15027;61;;;15030;27;15031;61;;;15029.0;5.25
-1;24400;COCONUTS;7992;180;;;;;7994;57;7995;123;;;7993.0;1050.25
-1;24500;COCONUTS;7992;188;;;;;7994;50;7995;138;;;7993.0;1051.25
-1;24500;PEARLS;10002;1;9996;1;9995;25;10004;1;10005;25;;;10003.0;-98.0
-1;24500;PINA_COLADAS;15029;31;15028;68;;;15031;31;15032;68;;;15030.0;-76.375
-1;24500;BANANAS;4948;1;4945;26;;;4952;26;;;;;4950.0;199.0625
-1;24600;COCONUTS;7991;189;;;;;7994;189;;;;;7992.5;1145.25
-1;24600;PINA_COLADAS;15026;22;15025;61;;;15028;22;15029;61;;;15027.0;163.875
-1;24600;PEARLS;9995;24;;;;;9998;2;10005;24;;;9996.5;-96.0
-1;24600;BANANAS;4945;24;;;;;4952;24;;;;;4948.5;250.4375
-1;24700;PINA_COLADAS;15025;74;;;;;15028;74;;;;;15026.5;199.0
-1;24700;PEARLS;9995;25;;;;;10005;25;;;;;10000.0;-100.0
-1;24700;BANANAS;4945;25;;;;;4952;25;;;;;4948.5;234.8125
-1;24700;COCONUTS;7991;200;;;;;7994;200;;;;;7992.5;1140.25
-1;24800;BANANAS;4945;23;;;;;4951;23;;;;;4948.0;264.5625
-1;24800;PINA_COLADAS;15026;87;;;;;15029;87;;;;;15027.5;101.125
-1;24800;PEARLS;9995;23;;;;;10005;23;;;;;10000.0;-100.0
-1;24800;COCONUTS;7992;49;7991;115;;;7994;164;;;;;7993.0;1072.875
-1;24900;COCONUTS;7991;165;;;;;7994;165;;;;;7992.5;1155.0
-1;24900;PINA_COLADAS;15023;30;15022;96;;;15025;96;;;;;15024.0;446.0
-1;24900;PEARLS;10002;1;9996;1;9995;22;10004;1;10005;22;;;10003.0;-100.0
-1;24900;BANANAS;4944;23;;;;;4951;23;;;;;4947.5;343.875
-1;25000;PINA_COLADAS;15028;110;;;;;15031;110;;;;;15029.5;-15.75
-1;25000;PEARLS;9995;23;;;;;10005;23;;;;;10000.0;-100.0
-1;25000;COCONUTS;7993;214;;;;;7994;79;7996;214;;;7993.5;752.25
-1;25000;BANANAS;4944;23;;;;;4951;23;;;;;4947.5;325.4375
-1;25100;PINA_COLADAS;15024;103;;;;;15027;103;;;;;15025.5;285.625
-1;25100;PEARLS;10002;1;9995;25;;;10005;25;;;;;10003.5;-100.0
-1;25100;BANANAS;4944;25;;;;;4950;25;;;;;4947.0;428.9375
-1;25100;COCONUTS;7992;181;;;;;7995;181;;;;;7993.5;925.5
-1;25200;BANANAS;4949;1;4945;3;4944;25;4951;25;;;;;4950.0;363.3125
-1;25200;PINA_COLADAS;15022;34;15021;69;;;15024;34;15025;69;;;15023.0;494.25
-1;25200;PEARLS;9996;1;9995;24;;;9998;5;10004;1;10005;24;9997.0;-102.0
-1;25200;COCONUTS;7993;197;;;;;7994;63;7995;71;7996;126;7993.5;874.5
-1;25300;COCONUTS;7992;184;;;;;7994;78;7995;106;;;7993.0;1067.875
-1;25300;PINA_COLADAS;15021;25;15020;59;;;15024;84;;;;;15022.5;570.125
-1;25300;PEARLS;9996;2;9995;22;;;10004;2;10005;22;;;10000.0;-112.0
-1;25300;BANANAS;4944;23;;;;;4950;24;;;;;4947.0;425.5
-1;25400;PINA_COLADAS;15022;34;15021;69;;;15025;103;;;;;15023.5;483.0
-1;25400;PEARLS;9996;1;9995;29;;;10004;1;10005;29;;;10000.0;-112.0
-1;25400;COCONUTS;7993;53;7992;189;;;7995;189;;;;;7994.0;932.75
-1;25400;BANANAS;4944;30;;;;;4951;30;;;;;4947.5;318.6875
-1;25500;PINA_COLADAS;15023;98;;;;;15026;39;15027;59;;;15024.5;344.5
-1;25500;PEARLS;9996;1;9995;20;;;9998;6;10002;9;10004;1;9997.0;-112.0
-1;25500;BANANAS;4945;21;;;;;4949;9;4951;21;;;4947.0;263.8125
-1;25500;COCONUTS;7994;40;7993;137;;;7996;177;;;;;7995.0;688.0
-1;25600;BANANAS;4945;23;;;;;4950;7;4951;1;4952;22;4947.5;248.5625
-1;25600;PINA_COLADAS;15021;100;;;;;15024;100;;;;;15022.5;546.25
-1;25600;PEARLS;9996;1;9995;22;;;10002;7;10004;1;10005;22;9999.0;-112.0
-1;25600;COCONUTS;7994;66;7993;159;;;7996;159;;;;;7995.0;764.875
-1;25700;COCONUTS;7993;202;;;;;7996;202;;;;;7994.5;727.0
-1;25700;PEARLS;9996;2;9995;30;;;10004;2;10005;30;;;10000.0;-112.0
-1;25700;PINA_COLADAS;15023;24;15022;61;;;15025;24;15026;61;;;15024.0;418.75
-1;25700;BANANAS;4945;32;;;;;4951;2;4952;30;;;4948.0;256.625
-1;25800;PEARLS;10002;4;9995;24;;;10005;24;;;;;10003.5;-104.0
-1;25800;PINA_COLADAS;15023;36;15022;57;;;15026;93;;;;;15024.5;399.5
-1;25800;COCONUTS;7993;164;;;;;7996;164;;;;;7994.5;829.0
-1;25800;BANANAS;4944;24;;;;;4945;1;4951;24;;;4944.5;276.0
-1;25900;PEARLS;9996;2;9995;23;;;10004;2;10005;23;;;10000.0;-104.0
-1;25900;PINA_COLADAS;15028;96;;;;;15031;96;;;;;15029.5;-17.0
-1;25900;COCONUTS;7994;158;;;;;7997;158;;;;;7995.5;583.75
-1;25900;BANANAS;4945;2;4944;23;;;4951;25;;;;;4948.0;289.375
-1;26000;COCONUTS;7995;181;;;;;7997;49;7998;132;;;7996.0;484.75
-1;26000;BANANAS;4945;29;;;;;4951;29;;;;;4948.0;269.5
-1;26000;PEARLS;9996;2;9995;27;;;10004;2;10005;27;;;10000.0;-104.0
-1;26000;PINA_COLADAS;15033;98;;;;;15036;98;;;;;15034.5;-442.0
-1;26100;PEARLS;9998;7;9995;20;;;10005;20;;;;;10001.5;-104.0
-1;26100;PINA_COLADAS;15033;29;15032;70;;;15035;29;15036;70;;;15034.0;-419.375
-1;26100;COCONUTS;7995;200;;;;;7997;80;7998;120;;;7996.0;475.75
-1;26100;BANANAS;4946;7;4945;20;;;4952;20;;;;;4949.0;232.5625
-1;26200;PEARLS;9996;1;9995;22;;;10004;1;10005;22;;;10000.0;-104.0
-1;26200;PINA_COLADAS;15032;103;;;;;15035;103;;;;;15033.5;-365.625
-1;26200;COCONUTS;7995;61;7994;140;;;7997;201;;;;;7996.0;504.375
-1;26200;BANANAS;4945;23;;;;;4952;23;;;;;4948.5;219.375
-1;26300;PEARLS;9996;1;9995;29;;;9998;1;10004;1;10005;29;9997.0;-104.0
-1;26300;PINA_COLADAS;15033;96;;;;;15036;96;;;;;15034.5;-434.125
-1;26300;COCONUTS;7995;205;;;;;7998;205;;;;;7996.5;374.25
-1;26300;BANANAS;4945;30;;;;;4951;1;4952;29;;;4948.0;242.75
-1;26400;COCONUTS;7995;161;;;;;7997;53;7998;108;;;7996.0;456.625
-1;26400;BANANAS;4945;21;;;;;4952;22;;;;;4948.5;220.5625
-1;26400;PEARLS;9995;22;;;;;10005;22;;;;;10000.0;-106.0
-1;26400;PINA_COLADAS;15032;84;;;;;15035;84;;;;;15033.5;-361.5
-1;26500;PEARLS;9996;1;9995;23;;;10004;1;10005;23;;;10000.0;-106.0
-1;26500;PINA_COLADAS;15033;36;15032;54;;;15035;36;15036;54;;;15034.0;-406.625
-1;26500;COCONUTS;7996;70;7995;176;;;7998;176;;;;;7997.0;435.25
-1;26500;BANANAS;4945;24;;;;;4951;24;;;;;4948.0;262.0
-1;26600;PEARLS;9996;2;9995;28;;;9998;1;10004;2;10005;28;9997.0;-106.0
-1;26600;PINA_COLADAS;15029;39;15028;61;;;15032;100;;;;;15030.5;-94.375
-1;26600;COCONUTS;7994;195;;;;;7996;50;7997;145;;;7995.0;679.375
-1;26600;BANANAS;4945;30;;;;;4952;30;;;;;4948.5;190.6875
-1;26700;PEARLS;9998;2;9996;1;9995;23;10004;1;10005;23;;;10001.0;-108.0
-1;26700;PINA_COLADAS;15028;77;;;;;15031;77;;;;;15029.5;-36.75
-1;26700;COCONUTS;7994;65;7993;109;;;7996;174;;;;;7995.0;689.625
-1;26700;BANANAS;4946;2;4945;24;;;4951;1;4952;23;;;4948.5;232.5
-1;26800;COCONUTS;7994;189;;;;;7997;189;;;;;7995.5;607.75
-1;26800;BANANAS;4950;1;4945;30;;;4952;30;;;;;4951.0;178.5
-1;26800;PINA_COLADAS;15029;94;;;;;15032;94;;;;;15030.5;-131.375
-1;26800;PEARLS;9996;2;9995;28;;;10004;2;10005;28;;;10000.0;-108.0
-1;26900;PEARLS;10002;1;9995;30;;;10005;30;;;;;10003.5;-108.0
-1;26900;PINA_COLADAS;15028;81;;;;;15031;81;;;;;15029.5;-59.375
-1;26900;COCONUTS;7993;170;;;;;7996;170;;;;;7994.5;777.25
-1;26900;BANANAS;4945;29;;;;;4952;30;;;;;4948.5;211.8125
-1;27000;PINA_COLADAS;15030;32;15029;55;;;15032;32;15033;55;;;15031.0;-171.75
-1;27000;PEARLS;9995;28;;;;;10002;1;10005;28;;;9998.5;-108.0
-1;27000;COCONUTS;7994;217;;;;;7996;80;7997;137;;;7995.0;650.5
-1;27000;BANANAS;4945;28;;;;;4950;1;4952;28;;;4947.5;177.375
-1;27100;PEARLS;9995;24;;;;;10005;24;;;;;10000.0;-108.0
-1;27100;PINA_COLADAS;15027;87;;;;;15030;87;;;;;15028.5;50.25
-1;27100;COCONUTS;7993;154;;;;;7996;154;;;;;7994.5;813.75
-1;27100;BANANAS;4945;24;;;;;4952;24;;;;;4948.5;170.25
-1;27200;COCONUTS;7992;230;;;;;7995;230;;;;;7993.5;958.0
-1;27200;BANANAS;4948;1;4946;2;4945;21;4952;21;;;;;4950.0;148.25
-1;27200;PINA_COLADAS;15025;84;;;;;15028;84;;;;;15026.5;184.0
-1;27200;PEARLS;9998;2;9995;21;;;10005;21;;;;;10001.5;-108.0
-1;27300;PEARLS;9996;2;9995;29;;;10004;2;10005;29;;;10000.0;-108.0
-1;27300;PINA_COLADAS;15025;26;15024;67;;;15027;26;15028;67;;;15026.0;252.25
-1;27300;COCONUTS;7992;173;;;;;7994;64;7995;109;;;7993.0;1060.5
-1;27300;BANANAS;4951;1;4946;31;;;4952;2;4953;29;;;4951.5;79.3125
-1;27400;PINA_COLADAS;15025;33;15024;69;;;15027;33;15028;69;;;15026.0;257.375
-1;27400;PEARLS;9995;21;;;;;10005;21;;;;;10000.0;-108.0
-1;27400;COCONUTS;7992;151;;;;;7993;55;7995;151;;;7992.5;979.5
-1;27400;BANANAS;4946;21;;;;;4952;21;;;;;4949.0;98.875
-1;27500;BANANAS;4945;23;;;;;4948;5;4952;23;;;4946.5;146.4375
-1;27500;PEARLS;9996;1;9995;22;;;10004;1;10005;22;;;10000.0;-108.0
-1;27500;PINA_COLADAS;15023;96;;;;;15026;96;;;;;15024.5;370.375
-1;27500;COCONUTS;7992;176;;;;;7995;176;;;;;7993.5;987.75
-1;27600;COCONUTS;7993;196;;;;;7996;196;;;;;7994.5;777.0
-1;27600;BANANAS;4946;8;4945;24;;;4952;24;;;;;4949.0;146.25
-1;27600;PINA_COLADAS;15022;93;;;;;15025;93;;;;;15023.5;452.25
-1;27600;PEARLS;9998;5;9995;24;;;10005;24;;;;;10001.5;-116.0
-1;27700;BANANAS;4946;24;;;;;4953;24;;;;;4949.5;69.9375
-1;27700;PEARLS;9995;24;;;;;10005;24;;;;;10000.0;-116.0
-1;27700;PINA_COLADAS;15018;112;;;;;15021;37;15022;75;;;15019.5;768.75
-1;27700;COCONUTS;7991;149;;;;;7994;149;;;;;7992.5;1216.25
-1;27800;PINA_COLADAS;15018;86;;;;;15021;86;;;;;15019.5;808.5
-1;27800;PEARLS;9998;9;9996;2;9995;26;10004;2;10005;26;;;10001.0;-116.0
-1;27800;COCONUTS;7990;124;;;;;7991;3;7993;182;;;7990.5;1223.625
-1;27800;BANANAS;4952;1;4948;9;4947;28;4953;28;;;;;4952.5;-71.125
-1;27900;PEARLS;9996;2;9995;27;;;10002;4;10004;2;10005;27;9999.0;-116.0
-1;27900;BANANAS;4947;2;4946;27;;;4951;3;4953;29;;;4949.0;-40.125
-1;27900;COCONUTS;7992;191;;;;;7994;65;7995;126;;;7993.0;937.125
-1;27900;PINA_COLADAS;15021;29;15020;55;;;15023;29;15024;55;;;15022.0;590.375
-1;28000;COCONUTS;7991;187;;;;;7994;187;;;;;7992.5;1082.25
-1;28000;BANANAS;4947;2;4946;28;;;4953;28;;;;;4950.0;88.1875
-1;28000;PINA_COLADAS;15015;72;;;;;15018;72;;;;;15016.5;1040.875
-1;28000;PEARLS;9998;2;9995;28;;;10005;28;;;;;10001.5;-116.0
-1;28100;PEARLS;9996;2;9995;24;;;10004;2;10005;24;;;10000.0;-116.0
-1;28100;BANANAS;4945;26;;;;;4952;26;;;;;4948.5;140.875
-1;28100;PINA_COLADAS;15017;77;;;;;15020;77;;;;;15018.5;874.875
-1;28100;COCONUTS;7992;178;;;;;7995;178;;;;;7993.5;780.875
-1;28200;PINA_COLADAS;15016;91;;;;;15019;91;;;;;15017.5;978.125
-1;28200;PEARLS;9996;1;9995;25;;;9998;2;10004;1;10005;25;9997.0;-116.0
-1;28200;COCONUTS;7992;219;;;;;7995;219;;;;;7993.5;831.75
-1;28200;BANANAS;4946;26;;;;;4952;1;4953;25;;;4949.0;72.6875
-1;28300;PEARLS;9996;1;9995;23;;;10004;1;10005;23;;;10000.0;-120.0
-1;28300;BANANAS;4946;24;;;;;4953;24;;;;;4949.5;27.0625
-1;28300;PINA_COLADAS;15018;72;;;;;15021;72;;;;;15019.5;772.625
-1;28300;COCONUTS;7994;180;;;;;7997;180;;;;;7995.5;281.375
-1;28400;COCONUTS;7993;59;7992;113;;;7995;172;;;;;7994.0;715.625
-1;28400;BANANAS;4947;24;;;;;4953;25;;;;;4950.0;-78.5625
-1;28400;PINA_COLADAS;15014;98;;;;;15017;98;;;;;15015.5;1127.0
-1;28400;PEARLS;9996;2;9995;23;;;10004;2;10005;23;;;10000.0;-120.0
-1;28500;PEARLS;9998;10;9995;23;;;10005;23;;;;;10001.5;-120.0
-1;28500;BANANAS;4948;10;4947;23;;;4954;23;;;;;4951.0;-141.4375
-1;28500;PINA_COLADAS;15015;85;;;;;15018;85;;;;;15016.5;1026.5
-1;28500;COCONUTS;7994;210;;;;;7996;61;7997;149;;;7995.0;450.5
-1;28600;PINA_COLADAS;15017;22;15016;74;;;15020;96;;;;;15018.5;914.875
-1;28600;PEARLS;10002;1;9996;2;9995;21;10004;2;10005;21;;;10003.0;-120.0
-1;28600;COCONUTS;7995;179;;;;;7998;179;;;;;7996.5;131.375
-1;28600;BANANAS;4948;23;;;;;4954;2;4955;21;;;4951.0;-270.5625
-1;28700;PEARLS;9995;30;;;;;10005;30;;;;;10000.0;-120.0
-1;28700;BANANAS;4948;30;;;;;4955;30;;;;;4951.5;-347.6875
-1;28700;PINA_COLADAS;15018;103;;;;;15021;33;15022;70;;;15019.5;769.25
-1;28700;COCONUTS;7996;217;;;;;7999;217;;;;;7997.5;-128.125
-1;28800;COCONUTS;7996;72;7995;184;;;7997;51;7998;133;;;7996.5;178.625
-1;28800;BANANAS;4948;27;;;;;4955;27;;;;;4951.5;-394.25
-1;28800;PINA_COLADAS;15015;90;;;;;15018;90;;;;;15016.5;1046.375
-1;28800;PEARLS;9995;27;;;;;10005;27;;;;;10000.0;-120.0
-1;28900;PEARLS;9998;7;9996;1;9995;21;10004;1;10005;21;;;10001.0;-120.0
-1;28900;BANANAS;4950;7;4949;22;;;4956;22;;;;;4953.0;-533.6875
-1;28900;PINA_COLADAS;15019;90;;;;;15022;90;;;;;15020.5;689.875
-1;28900;COCONUTS;7996;156;;;;;7998;43;7999;113;;;7997.0;-49.375
-1;29000;PINA_COLADAS;15019;98;;;;;15022;98;;;;;15020.5;725.5
-1;29000;PEARLS;9995;24;;;;;10005;24;;;;;10000.0;-120.0
-1;29000;COCONUTS;7994;221;;;;;7996;80;7997;141;;;7995.0;405.125
-1;29000;BANANAS;4949;24;;;;;4950;1;4956;24;;;4949.5;-566.9375
-1;29100;BANANAS;4950;28;;;;;4956;28;;;;;4953.0;-590.75
-1;29100;COCONUTS;7994;167;;;;;7997;167;;;;;7995.5;369.0
-1;29100;PINA_COLADAS;15018;94;;;;;15021;33;15022;61;;;15019.5;762.75
-1;29100;PEARLS;9996;2;9995;26;;;10004;2;10005;26;;;10000.0;-80.0
-1;29200;COCONUTS;7995;196;;;;;7998;196;;;;;7996.5;98.25
-1;29200;BANANAS;4955;1;4950;31;;;4957;31;;;;;4956.0;-671.375
-1;29200;PINA_COLADAS;15019;22;15018;65;;;15022;87;;;;;15020.5;738.375
-1;29200;PEARLS;9996;1;9995;30;;;10004;1;10005;30;;;10000.0;-80.0
-1;29300;BANANAS;4950;32;;;;;4954;3;4956;32;;;4952.0;-590.3125
-1;29300;PINA_COLADAS;15019;106;;;;;15022;31;15023;75;;;15020.5;683.5
-1;29300;PEARLS;9996;2;9995;30;;;10002;3;10004;2;10005;30;9999.0;-80.0
-1;29300;COCONUTS;7996;185;;;;;7999;185;;;;;7997.5;-102.25
-1;29400;PINA_COLADAS;15019;96;;;;;15022;96;;;;;15020.5;702.25
-1;29400;PEARLS;10002;1;9996;1;9995;25;10004;1;10005;25;;;10003.0;-78.0
-1;29400;COCONUTS;7996;166;;;;;7999;166;;;;;7997.5;-220.75
-1;29400;BANANAS;4952;2;4950;1;4949;25;4956;26;;;;;4954.0;-559.125
-1;29500;BANANAS;4949;29;;;;;4956;29;;;;;4952.5;-524.9375
-1;29500;PINA_COLADAS;15019;99;;;;;15022;99;;;;;15020.5;707.375
-1;29500;PEARLS;9996;2;9995;27;;;10004;2;10005;27;;;10000.0;-78.0
-1;29500;COCONUTS;7997;208;;;;;8000;208;;;;;7998.5;-355.125
-1;29600;COCONUTS;7998;60;7997;129;;;8000;189;;;;;7999.0;-497.5
-1;29600;BANANAS;4950;2;4949;28;;;4956;30;;;;;4953.0;-553.0
-1;29600;PINA_COLADAS;15020;97;;;;;15023;97;;;;;15021.5;605.875
-1;29600;PEARLS;9996;2;9995;28;;;10004;2;10005;28;;;10000.0;-78.0
-1;29700;BANANAS;4949;25;;;;;4954;4;4956;26;;;4951.5;-575.6875
-1;29700;PINA_COLADAS;15017;38;15016;64;;;15018;24;15020;102;;;15017.5;913.625
-1;29700;PEARLS;9996;1;9995;25;;;10002;4;10004;1;10005;25;9999.0;-78.0
-1;29700;COCONUTS;7996;187;;;;;7999;187;;;;;7997.5;-210.625
-1;29800;PINA_COLADAS;15013;38;15012;66;;;15016;104;;;;;15014.5;1248.0
-1;29800;PEARLS;9998;6;9996;1;9995;30;10004;1;10005;30;;;10001.0;-78.0
-1;29800;COCONUTS;7995;167;;;;;7997;42;7998;125;;;7996.0;161.25
-1;29800;BANANAS;4950;6;4949;31;;;4956;31;;;;;4953.0;-474.1875
-1;29900;BANANAS;4949;21;;;;;4956;21;;;;;4952.5;-564.0625
-1;29900;PINA_COLADAS;15014;88;;;;;15017;88;;;;;15015.5;1151.5
-1;29900;PEARLS;9995;21;;;;;10005;21;;;;;10000.0;-78.0
-1;29900;COCONUTS;7995;189;;;;;7998;189;;;;;7996.5;144.375
-1;30000;COCONUTS;7995;163;;;;;7997;70;7998;119;;;7996.0;125.25
-1;30000;BANANAS;4951;4;4950;31;;;4956;1;4957;30;;;4953.5;-608.75
-1;30000;PINA_COLADAS;15008;32;15007;72;;;15010;32;15011;72;;;15009.0;1687.25
-1;30000;PEARLS;9998;3;9996;1;9995;30;10004;1;10005;30;;;10001.0;-80.0
-1;30100;BANANAS;4949;30;;;;;4955;2;4956;28;;;4952.0;-442.0625
-1;30100;PEARLS;9996;2;9995;28;;;10004;2;10005;28;;;10000.0;-86.0
-1;30100;COCONUTS;7995;79;7994;103;;;7997;182;;;;;7996.0;229.0
-1;30100;PINA_COLADAS;15008;89;;;;;15011;89;;;;;15009.5;1657.5
-1;30200;PEARLS;9996;2;9995;20;;;10004;2;10005;20;;;10000.0;-86.0
-1;30200;PINA_COLADAS;15005;112;;;;;15008;112;;;;;15006.5;1876.5
-1;30200;COCONUTS;7994;192;;;;;7997;192;;;;;7995.5;259.5
-1;30200;BANANAS;4949;22;;;;;4956;22;;;;;4952.5;-480.25
-1;30300;COCONUTS;7995;184;;;;;7996;55;7997;77;7998;107;7995.5;152.0
-1;30300;BANANAS;4949;2;4948;29;;;4953;8;4955;31;;;4951.0;-412.8125
-1;30300;PEARLS;9996;2;9995;29;;;10002;9;10004;2;10005;29;9999.0;-86.0
-1;30300;PINA_COLADAS;15008;24;15007;72;;;15011;96;;;;;15009.5;1673.75
-1;30400;COCONUTS;7995;45;7994;137;;;7997;182;;;;;7996.0;197.25
-1;30400;BANANAS;4948;31;;;;;4953;8;4955;31;;;4950.5;-328.6875
-1;30400;PEARLS;10000;5;9996;2;9995;29;10002;8;10004;2;10005;29;10001.0;-86.0
-1;30400;PINA_COLADAS;15006;95;;;;;15009;95;;;;;15007.5;1833.5
-1;30500;COCONUTS;7994;192;;;;;7996;63;7997;129;;;7995.0;412.25
-1;30500;BANANAS;4949;5;4948;22;;;4954;2;4955;20;;;4951.5;-261.125
-1;30500;PEARLS;9998;5;9996;2;9995;20;10004;2;10005;20;;;10001.0;-86.0
-1;30500;PINA_COLADAS;15004;107;;;;;15005;30;15007;107;;;15004.5;1964.875
-1;30600;PEARLS;9996;2;9995;20;;;10002;4;10004;2;10005;20;9999.0;-86.0
-1;30600;PINA_COLADAS;15003;79;;;;;15006;79;;;;;15004.5;2093.25
-1;30600;COCONUTS;7994;194;;;;;7997;194;;;;;7995.5;367.25
-1;30600;BANANAS;4949;1;4948;20;;;4953;4;4955;22;;;4951.0;-402.0
-1;30700;COCONUTS;7994;190;;;;;7997;190;;;;;7995.5;379.25
-1;30700;BANANAS;4948;30;;;;;4949;9;4955;30;;;4948.5;-350.1875
-1;30700;PEARLS;9995;30;;;;;10005;30;;;;;10000.0;-84.0
-1;30700;PINA_COLADAS;15002;38;15001;63;;;15004;38;15005;63;;;15003.0;2203.125
-1;30800;COCONUTS;7994;75;7993;105;;;7996;180;;;;;7995.0;467.25
-1;30800;BANANAS;4949;1;4948;30;;;4955;31;;;;;4952.0;-405.0625
-1;30800;PEARLS;9996;1;9995;30;;;10004;1;10005;30;;;10000.0;-84.0
-1;30800;PINA_COLADAS;15002;78;;;;;15005;78;;;;;15003.5;2163.25
-1;30900;COCONUTS;7994;192;;;;;7996;53;7997;139;;;7995.0;402.25
-1;30900;BANANAS;4949;30;;;;;4953;6;4955;30;;;4951.0;-426.5
-1;30900;PEARLS;9996;2;9995;28;;;10002;6;10004;2;10005;28;9999.0;-84.0
-1;30900;PINA_COLADAS;15003;20;15002;59;;;15005;20;15006;59;;;15004.0;2106.625
-1;31000;PEARLS;10000;4;9996;1;9995;22;10004;1;10005;22;;;10002.0;-84.0
-1;31000;PINA_COLADAS;15004;86;;;;;15007;86;;;;;15005.5;1964.625
-1;31000;COCONUTS;7993;184;;;;;7996;184;;;;;7994.5;588.25
-1;31000;BANANAS;4950;23;;;;;4956;23;;;;;4953.0;-601.9375
-1;31100;COCONUTS;7993;181;;;;;7996;181;;;;;7994.5;553.5
-1;31100;BANANAS;4950;29;;;;;4956;2;4957;27;;;4953.0;-628.1875
-1;31100;PEARLS;9996;2;9995;27;;;10004;2;10005;27;;;10000.0;-84.0
-1;31100;PINA_COLADAS;15004;30;15003;61;;;15005;25;15007;91;;;15004.5;2019.5
-1;31200;COCONUTS;7994;40;7993;143;;;7996;183;;;;;7995.0;479.75
-1;31200;PINA_COLADAS;15001;104;;;;;15004;31;15005;73;;;15002.5;2211.25
-1;31200;BANANAS;4950;2;4949;29;;;4954;6;4956;31;;;4952.0;-589.375
-1;31200;PEARLS;9996;2;9995;29;;;10002;6;10004;2;10005;29;9999.0;-84.0
-1;31300;PINA_COLADAS;15002;99;;;;;15005;99;;;;;15003.5;2164.875
-1;31300;COCONUTS;7994;196;;;;;7996;66;7997;130;;;7995.0;423.75
-1;31300;BANANAS;4950;24;;;;;4957;24;;;;;4953.5;-660.125
-1;31300;PEARLS;9996;1;9995;23;;;10004;1;10005;23;;;10000.0;-84.0
-1;31400;PEARLS;9995;26;;;;;9998;1;10005;26;;;9996.5;-84.0
-1;31400;PINA_COLADAS;15002;92;;;;;15005;33;15006;59;;;15003.5;2128.75
-1;31400;COCONUTS;7994;190;;;;;7995;80;7996;47;7997;143;7994.5;451.5
-1;31400;BANANAS;4950;26;;;;;4957;26;;;;;4953.5;-776.1875
-1;31500;COCONUTS;7994;186;;;;;7996;80;7997;106;;;7995.0;452.0
-1;31500;BANANAS;4951;30;;;;;4958;30;;;;;4954.5;-790.625
-1;31500;PEARLS;9995;30;;;;;10005;30;;;;;10000.0;-84.0
-1;31500;PINA_COLADAS;15002;114;;;;;15005;114;;;;;15003.5;2159.875
-1;31600;PINA_COLADAS;15003;88;;;;;15006;88;;;;;15004.5;2084.75
-1;31600;COCONUTS;7994;204;;;;;7997;204;;;;;7995.5;342.5
-1;31600;BANANAS;4956;1;4951;27;;;4958;27;;;;;4957.0;-865.5
-1;31600;PEARLS;9995;27;;;;;10005;27;;;;;10000.0;-84.0
-1;31700;PINA_COLADAS;15003;63;;;;;15004;3;15006;34;15007;63;15003.5;2004.875
-1;31700;COCONUTS;7996;55;7995;133;;;7998;188;;;;;7997.0;-75.5
-1;31700;BANANAS;4951;24;;;;;4957;2;4958;22;;;4954.0;-800.0
-1;31700;PEARLS;9996;2;9995;22;;;10004;2;10005;22;;;10000.0;-84.0
-1;31800;PEARLS;10000;6;9996;1;9995;25;10004;1;10005;25;;;10002.0;-84.0
-1;31800;PINA_COLADAS;15006;38;15005;67;;;15008;38;15009;67;;;15007.0;1756.625
-1;31800;COCONUTS;7997;51;7996;124;;;7999;175;;;;;7998.0;-354.5
-1;31800;BANANAS;4950;26;;;;;4957;26;;;;;4953.5;-710.0
-1;31900;COCONUTS;7996;156;;;;;7999;156;;;;;7997.5;-205.0
-1;31900;BANANAS;4952;3;4951;28;;;4958;28;;;;;4955.0;-788.625
-1;31900;PEARLS;9998;3;9995;28;;;10005;28;;;;;10001.5;-84.0
-1;31900;PINA_COLADAS;15005;91;;;;;15008;91;;;;;15006.5;1818.875
-1;32000;PINA_COLADAS;15005;35;15004;56;;;15008;91;;;;;15006.5;1859.0
-1;32000;COCONUTS;7996;193;;;;;7999;193;;;;;7997.5;-214.75
-1;32000;BANANAS;4951;25;;;;;4957;1;4958;24;;;4954.0;-789.1875
-1;32000;PEARLS;9996;1;9995;24;;;10004;1;10005;24;;;10000.0;-74.0
-1;32100;PINA_COLADAS;15001;99;;;;;15004;99;;;;;15002.5;2294.5
-1;32100;BANANAS;4951;29;;;;;4957;1;4958;28;;;4954.0;-831.9375
-1;32100;COCONUTS;7994;152;;;;;7997;152;;;;;7995.5;375.25
-1;32100;PEARLS;9996;1;9995;28;;;10004;1;10005;28;;;10000.0;-74.0
-1;32200;BANANAS;4951;28;;;;;4957;1;4958;27;;;4954.0;-794.375
-1;32200;PEARLS;9996;1;9995;27;;;10004;1;10005;27;;;10000.0;-74.0
-1;32200;PINA_COLADAS;14999;36;14998;64;;;15001;36;15002;64;;;15000.0;2601.125
-1;32200;COCONUTS;7994;59;7993;112;;;7996;171;;;;;7995.0;508.25
-1;32300;COCONUTS;7993;200;;;;;7996;200;;;;;7994.5;574.25
-1;32300;PEARLS;9995;25;;;;;10005;25;;;;;10000.0;-74.0
-1;32300;PINA_COLADAS;14999;33;14998;74;;;15001;33;15002;74;;;15000.0;2578.625
-1;32300;BANANAS;4950;25;;;;;4957;25;;;;;4953.5;-730.0
-1;32400;COCONUTS;7994;184;;;;;7996;70;7997;114;;;7995.0;449.5
-1;32400;PINA_COLADAS;14998;94;;;;;15001;94;;;;;14999.5;2617.75
-1;32400;PEARLS;9996;1;9995;30;;;10004;1;10005;30;;;10000.0;-74.0
-1;32400;BANANAS;4950;31;;;;;4951;1;4957;31;;;4950.5;-700.0
-1;32500;PINA_COLADAS;14998;81;;;;;15001;81;;;;;14999.5;2634.875
-1;32500;BANANAS;4950;22;;;;;4957;22;;;;;4953.5;-673.5
-1;32500;COCONUTS;7994;217;;;;;7997;217;;;;;7995.5;399.25
-1;32500;PEARLS;9998;1;9996;1;9995;21;10004;1;10005;21;;;10001.0;-74.0
-1;32600;PEARLS;10002;1;9995;30;;;10005;30;;;;;10003.5;-74.0
-1;32600;BANANAS;4950;30;;;;;4957;30;;;;;4953.5;-652.1875
-1;32600;PINA_COLADAS;15000;89;;;;;15003;89;;;;;15001.5;2422.75
-1;32600;COCONUTS;7995;160;;;;;7998;160;;;;;7996.5;110.0
-1;32700;COCONUTS;7995;172;;;;;7998;172;;;;;7996.5;82.25
-1;32700;PEARLS;9996;2;9995;22;;;10004;2;10005;22;;;10000.0;-62.0
-1;32700;PINA_COLADAS;14998;82;;;;;15001;82;;;;;14999.5;2650.625
-1;32700;BANANAS;4950;24;;;;;4956;2;4957;22;;;4953.0;-614.5625
-1;32800;PINA_COLADAS;14998;84;;;;;15001;84;;;;;14999.5;2653.25
-1;32800;COCONUTS;7995;106;;;;;7996;10;7998;149;;;7995.5;-72.5
-1;32800;PEARLS;9996;2;9995;28;;;10004;2;10005;28;;;10000.0;-62.0
-1;32800;BANANAS;4950;2;4949;28;;;4956;30;;;;;4953.0;-561.9375
-1;32900;PINA_COLADAS;14994;39;14993;64;;;14997;103;;;;;14995.5;3164.375
-1;32900;BANANAS;4950;29;;;;;4956;29;;;;;4953.0;-575.1875
-1;32900;COCONUTS;7994;223;;;;;7997;223;;;;;7995.5;270.0
-1;32900;PEARLS;9996;2;9995;27;;;10004;2;10005;27;;;10000.0;-70.0
-1;33000;PEARLS;9996;2;9995;28;;;10004;2;10005;28;;;10000.0;-58.0
-1;33000;BANANAS;4949;30;;;;;4954;5;4956;30;;;4951.5;-503.125
-1;33000;PINA_COLADAS;14997;21;14996;61;;;14999;21;15000;61;;;14998.0;2835.5
-1;33000;COCONUTS;7994;177;;;;;7997;177;;;;;7995.5;336.0
-1;33100;COCONUTS;7994;165;;;;;7996;56;7997;109;;;7995.0;518.25
-1;33100;PEARLS;9996;1;9995;28;;;10004;1;10005;28;;;10000.0;-58.0
-1;33100;PINA_COLADAS;14995;39;14994;68;;;14996;26;14997;39;14998;68;14995.5;3060.375
-1;33100;BANANAS;4948;29;;;;;4949;1;4955;29;;;4948.5;-308.1875
-1;33200;PINA_COLADAS;14995;39;14994;54;;;14997;39;14998;54;;;14996.0;3057.375
-1;33200;COCONUTS;7994;142;;;;;7997;142;;;;;7995.5;268.75
-1;33200;PEARLS;9996;1;9995;20;;;10002;7;10004;1;10005;20;9999.0;-58.0
-1;33200;BANANAS;4948;21;;;;;4949;1;4953;7;4955;21;4948.5;-314.875
-1;33300;PINA_COLADAS;14990;92;;;;;14993;27;14994;65;;;14991.5;3555.875
-1;33300;BANANAS;4949;21;;;;;4955;1;4956;20;;;4952.0;-415.8125
-1;33300;COCONUTS;7993;197;;;;;7996;197;;;;;7994.5;600.0
-1;33300;PEARLS;9996;1;9995;20;;;10004;1;10005;20;;;10000.0;-58.0
-1;33400;PEARLS;9996;2;9995;30;;;10002;3;10004;2;10005;30;9999.0;-58.0
-1;33400;BANANAS;4949;32;;;;;4954;2;4956;32;;;4951.5;-486.0
-1;33400;COCONUTS;7992;203;;;;;7995;203;;;;;7993.5;993.25
-1;33400;PINA_COLADAS;14986;91;;;;;14989;24;14990;67;;;14987.5;4035.875
-1;33500;COCONUTS;7991;184;;;;;7994;184;;;;;7992.5;1303.5
-1;33500;PINA_COLADAS;14985;78;;;;;14988;78;;;;;14986.5;4170.875
-1;33500;PEARLS;9996;1;9995;20;;;10004;1;10005;20;;;10000.0;-58.0
-1;33500;BANANAS;4950;1;4949;20;;;4956;21;;;;;4953.0;-543.9375
-1;33600;PINA_COLADAS;14984;81;;;;;14985;34;14987;81;;;14984.5;4280.875
-1;33600;PEARLS;10002;6;9995;27;;;10005;27;;;;;10003.5;-54.0
-1;33600;COCONUTS;7991;202;;;;;7994;202;;;;;7992.5;1339.75
-1;33600;BANANAS;4949;27;;;;;4956;27;;;;;4952.5;-503.1875
-1;33700;PINA_COLADAS;14981;97;;;;;14984;31;14985;66;;;14982.5;4625.5
-1;33700;PEARLS;9996;1;9995;27;;;10002;1;10004;1;10005;27;9999.0;-42.0
-1;33700;BANANAS;4949;28;;;;;4954;1;4955;1;4956;27;4951.5;-421.5625
-1;33700;COCONUTS;7991;181;;;;;7993;76;7994;105;;;7992.0;1482.0
-1;33800;BANANAS;4948;26;;;;;4949;7;4955;26;;;4948.5;-302.1875
-1;33800;PINA_COLADAS;14985;94;;;;;14988;94;;;;;14986.5;4213.375
-1;33800;PEARLS;9996;1;9995;25;;;10004;1;10005;25;;;10000.0;-42.0
-1;33800;COCONUTS;7991;172;;;;;7994;172;;;;;7992.5;1330.5
-1;33900;COCONUTS;7993;211;;;;;7994;49;7996;211;;;7993.5;736.5
-1;33900;PINA_COLADAS;14989;91;;;;;14992;91;;;;;14990.5;3741.0
-1;33900;PEARLS;9995;24;;;;;10005;24;;;;;10000.0;-42.0
-1;33900;BANANAS;4948;24;;;;;4955;24;;;;;4951.5;-316.9375
-1;34000;PINA_COLADAS;14987;21;14986;56;;;14989;21;14990;56;;;14988.0;4014.0
-1;34000;PEARLS;10002;1;9995;30;;;10005;30;;;;;10003.5;-42.0
-1;34000;COCONUTS;7993;178;;;;;7995;57;7996;121;;;7994.0;806.0
-1;34000;BANANAS;4951;4;4948;30;;;4955;30;;;;;4953.0;-307.0625
-1;34100;PINA_COLADAS;14984;99;;;;;14987;99;;;;;14985.5;4283.75
-1;34100;PEARLS;9996;1;9995;22;;;10004;1;10005;22;;;10000.0;-42.0
-1;34100;BANANAS;4949;1;4948;22;;;4955;23;;;;;4952.0;-383.5
-1;34100;COCONUTS;7992;181;;;;;7994;61;7995;120;;;7993.0;1133.5
-1;34200;BANANAS;4949;23;;;;;4956;23;;;;;4952.5;-501.25
-1;34200;PINA_COLADAS;14983;84;;;;;14986;84;;;;;14984.5;4399.625
-1;34200;PEARLS;9995;23;;;;;10005;23;;;;;10000.0;-54.0
-1;34200;COCONUTS;7992;216;;;;;7994;80;7995;136;;;7993.0;1123.75
-1;34300;COCONUTS;7992;194;;;;;7995;194;;;;;7993.5;934.5
-1;34300;PINA_COLADAS;14982;97;;;;;14985;97;;;;;14983.5;4576.5
-1;34300;PEARLS;10002;1;9996;1;9995;22;10004;1;10005;22;;;10003.0;-54.0
-1;34300;BANANAS;4949;23;;;;;4955;23;;;;;4952.0;-398.25
-1;34400;PINA_COLADAS;14985;89;;;;;14988;30;14989;59;;;14986.5;4150.75
-1;34400;PEARLS;9996;2;9995;23;;;10004;2;10005;23;;;10000.0;-52.0
-1;34400;COCONUTS;7994;196;;;;;7997;196;;;;;7995.5;457.25
-1;34400;BANANAS;4949;2;4948;23;;;4955;25;;;;;4952.0;-369.75
-1;34500;PEARLS;9995;30;;;;;10005;30;;;;;10000.0;-52.0
-1;34500;PINA_COLADAS;14983;80;;;;;14984;28;14986;80;;;14983.5;4420.5
-1;34500;BANANAS;4948;30;;;;;4955;30;;;;;4951.5;-308.75
-1;34500;COCONUTS;7993;212;;;;;7996;212;;;;;7994.5;604.25
-1;34600;BANANAS;4953;1;4948;29;;;4955;29;;;;;4954.0;-337.125
-1;34600;PEARLS;9995;29;;;;;10005;29;;;;;10000.0;-52.0
-1;34600;COCONUTS;7995;180;;;;;7998;180;;;;;7996.5;43.75
-1;34600;PINA_COLADAS;14986;88;;;;;14989;88;;;;;14987.5;4098.0
-1;34700;PEARLS;9998;6;9995;24;;;10005;24;;;;;10001.5;-52.0
-1;34700;PINA_COLADAS;14984;74;;;;;14987;74;;;;;14985.5;4317.625
-1;34700;COCONUTS;7995;155;;;;;7998;155;;;;;7996.5;-25.75
-1;34700;BANANAS;4949;6;4948;24;;;4955;24;;;;;4952.0;-372.3125
-1;34800;PEARLS;9996;2;9995;23;;;10004;2;10005;23;;;10000.0;-52.0
-1;34800;PINA_COLADAS;14985;21;14984;53;;;14987;21;14988;53;;;14986.0;4265.375
-1;34800;COCONUTS;7995;197;;;;;7998;197;;;;;7996.5;48.0
-1;34800;BANANAS;4949;2;4948;23;;;4955;25;;;;;4952.0;-358.375
-1;34900;PEARLS;9996;1;9995;20;;;10004;1;10005;20;;;10000.0;-52.0
-1;34900;PINA_COLADAS;14985;92;;;;;14988;92;;;;;14986.5;4197.125
-1;34900;COCONUTS;7995;199;;;;;7998;199;;;;;7996.5;-13.75
-1;34900;BANANAS;4949;21;;;;;4955;1;4956;20;;;4952.0;-415.5625
-1;35000;COCONUTS;7997;25;7995;162;;;7998;162;;;;;7997.5;-27.5
-1;35000;BANANAS;4954;1;4948;20;;;4955;20;;;;;4954.5;-356.25
-1;35000;PEARLS;10002;1;9995;20;;;10005;20;;;;;10003.5;-52.0
-1;35000;PINA_COLADAS;14987;39;14986;56;;;14990;95;;;;;14988.5;4001.375
-1;35100;PEARLS;10002;3;9996;2;9995;29;10004;2;10005;29;;;10003.0;-50.0
-1;35100;PINA_COLADAS;14987;36;14986;72;;;14989;36;14990;72;;;14988.0;4024.375
-1;35100;COCONUTS;7995;205;;;;;7998;205;;;;;7996.5;-39.5
-1;35100;BANANAS;4949;31;;;;;4956;31;;;;;4952.5;-471.9375
-1;35200;PEARLS;9996;2;9995;28;;;10002;10;10004;2;10005;28;9999.0;-44.0
-1;35200;PINA_COLADAS;14983;76;;;;;14986;76;;;;;14984.5;4465.375
-1;35200;COCONUTS;7994;165;;;;;7997;165;;;;;7995.5;338.5
-1;35200;BANANAS;4949;30;;;;;4954;10;4956;30;;;4951.5;-548.6875
-1;35300;PEARLS;9998;6;9996;1;9995;27;10004;1;10005;27;;;10001.0;-44.0
-1;35300;PINA_COLADAS;14980;37;14979;69;;;14983;106;;;;;14981.5;4829.5
-1;35300;COCONUTS;7994;192;;;;;7996;72;7997;120;;;7995.0;508.25
-1;35300;BANANAS;4955;1;4951;6;4950;28;4956;1;4957;27;;;4955.5;-649.4375
-1;35400;COCONUTS;7993;40;7992;192;;;7995;192;;;;;7994.0;935.0
-1;35400;BANANAS;4956;1;4950;25;;;4957;25;;;;;4956.5;-747.0625
-1;35400;PEARLS;10002;3;9995;25;;;10005;25;;;;;10003.5;-44.0
-1;35400;PINA_COLADAS;14978;20;14977;61;;;14980;20;14981;61;;;14979.0;5090.75
-1;35500;PEARLS;9996;2;9995;26;;;10004;2;10005;26;;;10000.0;-38.0
-1;35500;PINA_COLADAS;14977;114;;;;;14980;114;;;;;14978.5;5149.5
-1;35500;COCONUTS;7993;70;7992;182;;;7995;182;;;;;7994.0;973.0
-1;35500;BANANAS;4950;28;;;;;4957;28;;;;;4953.5;-746.8125
-1;35600;PEARLS;9995;26;;;;;10005;26;;;;;10000.0;-38.0
-1;35600;PINA_COLADAS;14975;79;;;;;14978;79;;;;;14976.5;5354.75
-1;35600;COCONUTS;7992;170;;;;;7994;64;7995;106;;;7993.0;1143.5
-1;35600;BANANAS;4954;13;4949;26;;;4956;26;;;;;4955.0;-561.625
-1;35700;PEARLS;9996;2;9995;27;;;10004;2;10005;27;;;10000.0;-38.0
-1;35700;COCONUTS;7992;211;;;;;7995;211;;;;;7993.5;966.75
-1;35700;PINA_COLADAS;14977;27;14976;60;;;14979;27;14980;60;;;14978.0;5201.875
-1;35700;BANANAS;4950;29;;;;;4957;29;;;;;4953.5;-746.375
-1;35800;COCONUTS;7993;50;7992;165;;;7995;165;;;;;7994.0;1001.25
-1;35800;BANANAS;4951;7;4950;31;;;4956;1;4957;30;;;4953.5;-640.0625
-1;35800;PINA_COLADAS;14977;35;14976;50;;;14980;85;;;;;14978.5;5185.375
-1;35800;PEARLS;9998;7;9996;1;9995;30;10004;1;10005;30;;;10001.0;-38.0
-1;35900;PEARLS;9996;2;9995;21;;;10004;2;10005;21;;;10000.0;-38.0
-1;35900;PINA_COLADAS;14975;30;14974;100;;;14977;100;;;;;14976.0;5504.875
-1;35900;COCONUTS;7991;191;;;;;7994;191;;;;;7992.5;1287.25
-1;35900;BANANAS;4950;2;4949;21;;;4952;5;4956;23;;;4951.0;-595.5
-1;36000;PINA_COLADAS;14973;109;;;;;14976;109;;;;;14974.5;5618.625
-1;36000;PEARLS;9995;30;;;;;10002;5;10005;30;;;9998.5;-38.0
-1;36000;COCONUTS;7992;12;7991;143;;;7993;41;7994;102;;;7992.5;1458.25
-1;36000;BANANAS;4950;30;;;;;4955;2;4957;30;;;4952.5;-718.875
-1;36100;PEARLS;10002;8;9996;2;9995;24;10004;2;10005;24;;;10003.0;-36.0
-1;36100;PINA_COLADAS;14976;77;;;;;14979;77;;;;;14977.5;5273.125
-1;36100;COCONUTS;7991;43;7990;118;;;7993;161;;;;;7992.0;1525.5
-1;36100;BANANAS;4950;26;;;;;4955;1;4957;26;;;4952.5;-732.9375
-1;36200;COCONUTS;7991;45;7990;191;;;7993;191;;;;;7992.0;1674.75
-1;36200;BANANAS;4950;30;;;;;4957;30;;;;;4953.5;-746.4375
-1;36200;PINA_COLADAS;14975;91;;;;;14978;91;;;;;14976.5;5420.75
-1;36200;PEARLS;9996;1;9995;29;;;9998;1;10004;1;10005;29;9997.0;-36.0
-1;36300;PEARLS;9996;1;9995;21;;;10004;1;10005;21;;;10000.0;-38.0
-1;36300;PINA_COLADAS;14975;75;;;;;14978;23;14979;52;;;14976.5;5345.375
-1;36300;COCONUTS;7991;193;;;;;7992;52;7994;193;;;7991.5;1346.75
-1;36300;BANANAS;4951;22;;;;;4957;1;4958;21;;;4954.0;-816.375
-1;36400;PINA_COLADAS;14976;106;;;;;14979;40;14980;66;;;14977.5;5225.375
-1;36400;PEARLS;9998;1;9996;1;9995;20;10004;1;10005;20;;;10001.0;-38.0
-1;36400;COCONUTS;7990;203;;;;;7991;51;7993;203;;;7990.5;1606.75
-1;36400;BANANAS;4955;1;4951;1;4950;21;4957;21;;;;;4956.0;-649.25
-1;36500;BANANAS;4950;25;;;;;4957;25;;;;;4953.5;-718.0
-1;36500;PEARLS;9995;25;;;;;10005;25;;;;;10000.0;-38.0
-1;36500;PINA_COLADAS;14976;82;;;;;14979;82;;;;;14977.5;5240.625
-1;36500;COCONUTS;7990;80;7989;147;;;7992;227;;;;;7991.0;1882.75
-1;36600;COCONUTS;7990;59;7989;102;;;7992;161;;;;;7991.0;1902.5
-1;36600;BANANAS;4950;29;;;;;4956;1;4957;28;;;4953.0;-568.375
-1;36600;PINA_COLADAS;14974;115;;;;;14977;115;;;;;14975.5;5516.25
-1;36600;PEARLS;9996;1;9995;28;;;10004;1;10005;28;;;10000.0;-38.0
-1;36700;BANANAS;4949;21;;;;;4956;21;;;;;4952.5;-535.625
-1;36700;PEARLS;9995;21;;;;;10005;21;;;;;10000.0;-38.0
-1;36700;PINA_COLADAS;14971;85;;;;;14974;85;;;;;14972.5;5887.625
-1;36700;COCONUTS;7989;1;7988;104;;;7991;159;;;;;7990.0;2169.25
-1;36800;PINA_COLADAS;14973;21;14972;66;;;14974;23;14975;33;14976;66;14973.5;5660.125
-1;36800;PEARLS;9995;30;;;;;10005;30;;;;;10000.0;-38.0
-1;36800;COCONUTS;7989;42;7988;116;;;7991;158;;;;;7990.0;2125.5
-1;36800;BANANAS;4950;30;;;;;4957;30;;;;;4953.5;-662.75
-1;36900;PEARLS;9996;1;9995;26;;;10004;1;10005;26;;;10000.0;-38.0
-1;36900;BANANAS;4950;27;;;;;4957;27;;;;;4953.5;-698.75
-1;36900;PINA_COLADAS;14973;109;;;;;14976;109;;;;;14974.5;5598.125
-1;36900;COCONUTS;7988;200;;;;;7991;200;;;;;7989.5;2254.0
-1;37000;COCONUTS;7988;192;;;;;7991;192;;;;;7989.5;2256.75
-1;37000;BANANAS;4951;2;4950;23;;;4957;25;;;;;4954.0;-729.5
-1;37000;PINA_COLADAS;14974;84;;;;;14977;84;;;;;14975.5;5508.75
-1;37000;PEARLS;9996;2;9995;23;;;10004;2;10005;23;;;10000.0;-38.0
-1;37100;PEARLS;9996;2;9995;21;;;10004;2;10005;21;;;10000.0;-38.0
-1;37100;BANANAS;4950;23;;;;;4957;23;;;;;4953.5;-622.75
-1;37100;PINA_COLADAS;14974;88;;;;;14977;88;;;;;14975.5;5503.375
-1;37100;COCONUTS;7989;74;7988;214;;;7991;214;;;;;7990.0;2326.0
-1;37200;PINA_COLADAS;14974;97;;;;;14977;97;;;;;14975.5;5502.25
-1;37200;PEARLS;9996;1;9995;20;;;10004;1;10005;20;;;10000.0;-38.0
-1;37200;COCONUTS;7988;184;;;;;7989;43;7991;184;;;7988.5;2223.5
-1;37200;BANANAS;4950;21;;;;;4957;21;;;;;4953.5;-642.375
-1;37300;PEARLS;9996;1;9995;27;;;9998;10;10002;4;10004;1;9997.0;-38.0
-1;37300;BANANAS;4950;27;;;;;4955;4;4956;1;4957;27;4952.5;-583.375
-1;37300;PINA_COLADAS;14973;102;;;;;14976;31;14977;71;;;14974.5;5555.75
-1;37300;COCONUTS;7989;72;7988;172;;;7991;172;;;;;7990.0;2387.0
-1;37400;COCONUTS;7988;189;;;;;7991;189;;;;;7989.5;2294.75
-1;37400;BANANAS;4950;2;4949;30;;;4956;30;;;;;4953.0;-524.75
-1;37400;PINA_COLADAS;14973;39;14972;75;;;14975;39;14976;75;;;14974.0;5673.0
-1;37400;PEARLS;10002;1;9998;2;9995;30;10005;30;;;;;10003.5;-38.0
-1;37500;PEARLS;9996;2;9995;25;;;10004;2;10005;25;;;10000.0;-38.0
-1;37500;BANANAS;4950;27;;;;;4957;27;;;;;4953.5;-627.25
-1;37500;PINA_COLADAS;14974;74;;;;;14977;21;14978;53;;;14975.5;5434.125
-1;37500;COCONUTS;7988;71;7987;116;;;7990;187;;;;;7989.0;2517.75
-1;37600;PINA_COLADAS;14973;97;;;;;14976;97;;;;;14974.5;5636.75
-1;37600;PEARLS;9995;22;;;;;10002;7;10005;22;;;9998.5;-42.0
-1;37600;COCONUTS;7988;61;7987;157;;;7989;56;7990;101;;;7988.5;2827.5
-1;37600;BANANAS;4950;22;;;;;4955;7;4957;22;;;4952.5;-621.875
-1;37700;PEARLS;9996;1;9995;23;;;10004;1;10005;23;;;10000.0;-42.0
-1;37700;BANANAS;4950;24;;;;;4957;24;;;;;4953.5;-659.5
-1;37700;PINA_COLADAS;14972;89;;;;;14975;89;;;;;14973.5;5710.0
-1;37700;COCONUTS;7987;142;;;;;7990;142;;;;;7988.5;2768.75
-1;37800;COCONUTS;7988;180;;;;;7990;74;7991;106;;;7989.0;2473.0
-1;37800;BANANAS;4950;24;;;;;4957;25;;;;;4953.5;-624.875
-1;37800;PINA_COLADAS;14974;77;;;;;14977;77;;;;;14975.5;5438.75
-1;37800;PEARLS;9995;25;;;;;10005;25;;;;;10000.0;-42.0
-1;37900;BANANAS;4950;25;;;;;4952;2;4953;5;4957;25;4951.0;-711.0
-1;37900;COCONUTS;7987;141;;;;;7990;141;;;;;7988.5;2696.75
-1;37900;PINA_COLADAS;14975;86;;;;;14978;86;;;;;14976.5;5377.875
-1;37900;PEARLS;9995;25;;;;;10005;25;;;;;10000.0;-42.0
-1;38000;PINA_COLADAS;14976;103;;;;;14979;103;;;;;14977.5;5229.625
-1;38000;PEARLS;10002;1;9996;2;9995;30;10004;2;10005;30;;;10003.0;-42.0
-1;38000;COCONUTS;7987;77;7986;140;;;7989;217;;;;;7988.0;2915.5
-1;38000;BANANAS;4950;32;;;;;4956;32;;;;;4953.0;-567.25
-1;38100;BANANAS;4949;28;;;;;4950;11;4954;2;4956;28;4949.5;-454.75
-1;38100;PINA_COLADAS;14978;26;14977;101;;;14980;101;;;;;14979.0;5079.25
-1;38100;PEARLS;9996;2;9995;26;;;10002;2;10004;2;10005;26;9999.0;-42.0
-1;38100;COCONUTS;7987;60;7986;197;;;7988;77;7989;120;;;7987.5;3191.5
-1;38200;COCONUTS;7986;146;;;;;7988;40;7989;106;;;7987.0;3211.0
-1;38200;BANANAS;4949;28;;;;;4956;28;;;;;4952.5;-432.625
-1;38200;PINA_COLADAS;14976;101;;;;;14979;101;;;;;14977.5;5225.875
-1;38200;PEARLS;9996;1;9995;27;;;10004;1;10005;27;;;10000.0;-42.0
-1;38300;BANANAS;4949;5;4948;26;;;4955;26;;;;;4952.0;-286.625
-1;38300;PINA_COLADAS;14976;107;;;;;14979;107;;;;;14977.5;5226.125
-1;38300;PEARLS;9998;5;9995;26;;;10005;26;;;;;10001.5;-42.0
-1;38300;COCONUTS;7985;202;;;;;7988;202;;;;;7986.5;3486.25
-1;38400;PINA_COLADAS;14977;82;;;;;14980;82;;;;;14978.5;5081.875
-1;38400;PEARLS;9996;1;9995;23;;;10000;6;10004;1;10005;23;9998.0;-42.0
-1;38400;COCONUTS;7985;155;;;;;7988;155;;;;;7986.5;3492.75
-1;38400;BANANAS;4949;1;4948;23;;;4955;24;;;;;4952.0;-304.5
-1;38500;BANANAS;4949;21;;;;;4956;21;;;;;4952.5;-343.875
-1;38500;PINA_COLADAS;14975;98;;;;;14978;98;;;;;14976.5;5328.75
-1;38500;PEARLS;10002;1;9995;21;;;10005;21;;;;;10003.5;-42.0
-1;38500;COCONUTS;7985;177;;;;;7987;40;7988;137;;;7986.0;3614.25
-1;38600;COCONUTS;7986;63;7985;136;;;7988;199;;;;;7987.0;3313.75
-1;38600;BANANAS;4949;2;4948;28;;;4955;30;;;;;4952.0;-324.875
-1;38600;PINA_COLADAS;14978;100;;;;;14981;27;14982;73;;;14979.5;4888.875
-1;38600;PEARLS;9996;2;9995;28;;;10004;2;10005;28;;;10000.0;-40.0
-1;38700;BANANAS;4949;20;;;;;4956;20;;;;;4952.5;-355.5
-1;38700;PINA_COLADAS;14979;104;;;;;14982;104;;;;;14980.5;4809.125
-1;38700;PEARLS;9995;20;;;;;10005;20;;;;;10000.0;-44.0
-1;38700;COCONUTS;7986;215;;;;;7989;215;;;;;7987.5;3169.25
-1;38800;PINA_COLADAS;14975;95;;;;;14978;95;;;;;14976.5;5316.125
-1;38800;PEARLS;9996;1;9995;20;;;10002;1;10004;1;10005;20;9999.0;-44.0
-1;38800;COCONUTS;7986;66;7985;113;;;7988;179;;;;;7987.0;3296.25
-1;38800;BANANAS;4949;21;;;;;4954;1;4955;1;4956;20;4951.5;-360.5
-1;38900;BANANAS;4950;32;;;;;4956;2;4957;30;;;4953.0;-575.25
-1;38900;PINA_COLADAS;14976;94;;;;;14979;94;;;;;14977.5;5246.875
-1;38900;PEARLS;9996;2;9995;30;;;10004;2;10005;30;;;10000.0;-48.0
-1;38900;COCONUTS;7986;162;;;;;7988;49;7989;113;;;7987.0;3196.5
-1;39000;COCONUTS;7987;74;7986;139;;;7989;213;;;;;7988.0;2917.25
-1;39000;BANANAS;4950;23;;;;;4955;9;4957;23;;;4952.5;-628.625
