day;timestamp;product;bid_price_1;bid_volume_1;bid_price_2;bid_volume_2;bid_price_3;bid_volume_3;ask_price_1;ask_volume_1;ask_price_2;ask_volume_2;ask_price_3;ask_volume_3;mid_price;profit_and_loss
0;0;PEARLS;9998;1;9995;30;;;10005;30;;;;;10001.5;0.0
0;0;COCONUTS;8113;205;;;;;8116;205;;;;;8114.5;0.0
0;0;BANANAS;4893;1;4892;30;;;4899;30;;;;;4896.0;0.0
0;0;PINA_COLADAS;15225;82;;;;;15228;82;;;;;15226.5;0.0
0;100;COCONUTS;8113;192;;;;;8115;70;8116;122;;;8114.0;0.0
0;100;PINA_COLADAS;15223;109;;;;;15226;109;;;;;15224.5;0.0
0;100;PEARLS;9996;1;9995;30;;;10002;6;10004;1;10005;30;9999.0;2.0
0;100;BANANAS;4892;31;;;;;4896;7;4898;31;;;4894.0;0.0
0;200;PINA_COLADAS;15226;7;15224;101;;;15227;101;;;;;15226.5;0.0
0;200;COCONUTS;8113;167;;;;;8116;167;;;;;8114.5;0.0
0;200;PEARLS;9996;1;9995;21;;;10004;1;10005;21;;;10000.0;2.0
0;200;BANANAS;4892;22;;;;;4899;22;;;;;4895.5;0.0
0;300;COCONUTS;8113;68;8112;118;;;8115;68;8116;118;;;8114.0;0.0
0;300;PINA_COLADAS;15224;84;;;;;15227;84;;;;;15225.5;0.0
0;300;PEARLS;9996;2;9995;23;;;9998;3;10004;2;10005;23;9997.0;2.0
0;300;BANANAS;4893;25;;;;;4899;2;4900;23;;;4896.0;0.0
0;400;COCONUTS;8112;73;8111;128;;;8114;201;;;;;8113.0;0.0
0;400;PEARLS;9998;5;9996;2;9995;23;10004;2;10005;23;;;10001.0;-4.0
0;400;BANANAS;4894;5;4893;25;;;4899;25;;;;;4896.5;0.0
0;400;PINA_COLADAS;15220;105;;;;;15223;105;;;;;15221.5;0.0
0;500;COCONUTS;8112;168;;;;;8114;53;8115;115;;;8113.0;0.0
0;500;PINA_COLADAS;15221;97;;;;;15224;37;15225;60;;;15222.5;0.0
0;500;PEARLS;10002;1;9996;2;9995;22;10004;2;10005;22;;;10003.0;-4.0
0;500;BANANAS;4893;24;;;;;4899;24;;;;;4896.0;27.28125
0;600;PINA_COLADAS;15221;22;15220;53;;;15224;75;;;;;15222.5;0.0
0;600;COCONUTS;8113;44;8112;212;;;8114;62;8115;150;;;8113.5;0.0
0;600;PEARLS;9996;2;9995;24;;;10002;9;10004;2;10005;24;9999.0;2.0
0;600;BANANAS;4892;26;;;;;4897;9;4899;26;;;4894.5;35.04296875
0;700;COCONUTS;8111;158;;;;;8114;158;;;;;8112.5;0.0
0;700;PINA_COLADAS;15219;98;;;;;15222;98;;;;;15220.5;0.0
0;700;PEARLS;9998;7;9995;27;;;10005;27;;;;;10001.5;2.0
0;700;BANANAS;4892;7;4891;27;;;4898;27;;;;;4895.0;42.83203125
0;800;COCONUTS;8112;204;;;;;8114;67;8115;137;;;8113.0;0.0
0;800;PEARLS;9995;26;;;;;10005;26;;;;;10000.0;2.0
0;800;BANANAS;4891;26;;;;;4898;26;;;;;4894.5;45.484375
0;800;PINA_COLADAS;15220;100;;;;;15223;100;;;;;15221.5;0.0
0;900;BANANAS;4892;2;4891;27;;;4898;29;;;;;4895.0;41.75390625
0;900;COCONUTS;8111;184;;;;;8114;184;;;;;8112.5;0.0
0;900;PINA_COLADAS;15219;13;15218;24;15217;74;15220;24;15221;74;;;15219.5;0.0
0;900;PEARLS;9996;2;9995;27;;;10004;2;10005;27;;;10000.0;2.0
0;1000;PINA_COLADAS;15218;38;15217;52;;;15221;90;;;;;15219.5;0.0
0;1000;COCONUTS;8111;72;8110;140;;;8113;212;;;;;8112.0;0.0
0;1000;PEARLS;9996;2;9995;26;;;10004;2;10005;26;;;10000.0;2.0
0;1000;BANANAS;4891;28;;;;;4897;2;4898;26;;;4894.0;47.8828125
0;1100;BANANAS;4891;25;;;;;4898;25;;;;;4894.5;46.28515625
0;1100;COCONUTS;8111;205;;;;;8114;205;;;;;8112.5;0.0
0;1100;PINA_COLADAS;15220;67;15219;50;;;15222;29;15223;50;;;15221.0;0.0
0;1100;PEARLS;9996;2;9995;23;;;10004;2;10005;23;;;10000.0;2.0
0;1200;COCONUTS;8112;169;;;;;8114;62;8115;107;;;8113.0;0.0
0;1200;PEARLS;9998;9;9996;2;9995;28;10004;2;10005;28;;;10001.0;2.0
0;1200;BANANAS;4892;9;4891;30;;;4898;30;;;;;4895.0;45.55078125
0;1200;PINA_COLADAS;15222;89;;;;;15225;89;;;;;15223.5;0.0
0;1300;BANANAS;4891;1;4890;27;;;4892;4;4897;28;;;4891.5;51.4140625
0;1300;PINA_COLADAS;15222;91;;;;;15225;27;15226;64;;;15223.5;0.0
0;1300;PEARLS;9996;1;9995;27;;;10004;1;10005;27;;;10000.0;2.0
0;1300;COCONUTS;8111;149;;;;;8113;43;8114;106;;;8112.0;19.1328125
0;1400;PINA_COLADAS;15223;94;;;;;15224;35;15226;94;;;15223.5;0.0
0;1400;PEARLS;9996;2;9995;24;;;10004;2;10005;24;;;10000.0;2.0
0;1400;COCONUTS;8110;182;;;;;8113;182;;;;;8111.5;25.578125
0;1400;BANANAS;4891;1;4890;24;;;4897;26;;;;;4894.0;48.6015625
0;1500;BANANAS;4896;1;4891;2;4890;20;4897;22;;;;;4896.5;48.234375
0;1500;PINA_COLADAS;15225;36;15224;54;;;15228;90;;;;;15226.5;0.0
0;1500;PEARLS;10002;1;9996;2;9995;20;10004;2;10005;20;;;10003.0;2.0
0;1500;COCONUTS;8111;205;;;;;8114;205;;;;;8112.5;15.234375
0;1600;PEARLS;9996;1;9995;22;;;10004;1;10005;22;;;10000.0;4.0
0;1600;COCONUTS;8111;63;8110;105;;;8113;168;;;;;8112.0;21.75
0;1600;BANANAS;4891;23;;;;;4897;23;;;;;4894.0;49.734375
0;1600;PINA_COLADAS;15224;106;;;;;15227;106;;;;;15225.5;0.0
0;1700;BANANAS;4890;27;;;;;4893;2;4897;27;;;4891.5;51.3046875
0;1700;PINA_COLADAS;15222;35;15221;75;;;15224;35;15225;75;;;15223.0;0.0
0;1700;PEARLS;9995;27;;;;;10005;27;;;;;10000.0;4.0
0;1700;COCONUTS;8109;219;;;;;8110;78;8112;219;;;8109.5;32.828125
0;1800;PINA_COLADAS;15220;94;;;;;15223;94;;;;;15221.5;0.0
0;1800;PEARLS;9996;2;9995;25;;;10004;2;10005;25;;;10000.0;34.0
0;1800;COCONUTS;8109;191;;;;;8111;52;8112;139;;;8110.0;38.9921875
0;1800;BANANAS;4891;2;4890;25;;;4897;27;;;;;4894.0;51.77734375
0;1900;BANANAS;4890;31;;;;;4897;31;;;;;4893.5;55.36328125
0;1900;PINA_COLADAS;15218;39;15217;66;;;15220;39;15221;66;;;15219.0;0.0
0;1900;PEARLS;9996;2;9995;29;;;10004;2;10005;29;;;10000.0;34.0
0;1900;COCONUTS;8107;164;;;;;8110;164;;;;;8108.5;52.6484375
0;2000;PEARLS;9996;1;9995;25;;;10002;7;10004;1;10005;25;9999.0;34.0
0;2000;COCONUTS;8107;185;;;;;8110;185;;;;;8108.5;53.125
0;2000;BANANAS;4890;26;;;;;4895;7;4896;1;4897;25;4892.5;58.046875
0;2000;PINA_COLADAS;15217;100;;;;;15220;100;;;;;15218.5;0.0
0;2100;BANANAS;4890;23;;;;;4897;23;;;;;4893.5;60.0859375
0;2100;PINA_COLADAS;15216;99;;;;;15217;21;15219;99;;;15216.5;0.0
0;2100;PEARLS;9995;23;;;;;10005;23;;;;;10000.0;34.0
0;2100;COCONUTS;8107;175;;;;;8110;175;;;;;8108.5;58.109375
0;2200;PINA_COLADAS;15214;74;;;;;15217;24;15218;50;;;15215.5;0.0
0;2200;PEARLS;9996;2;9995;30;;;10004;2;10005;30;;;10000.0;34.0
0;2200;COCONUTS;8107;181;;;;;8110;181;;;;;8108.5;52.796875
0;2200;BANANAS;4890;2;4889;30;;;4896;32;;;;;4893.0;62.421875
0;2300;PEARLS;9996;2;9995;22;;;10004;2;10005;22;;;10000.0;34.0
0;2300;BANANAS;4890;2;4889;22;;;4896;24;;;;;4893.0;115.0625
0;2300;COCONUTS;8107;162;;;;;8110;162;;;;;8108.5;52.953125
0;2300;PINA_COLADAS;15218;98;;;;;15221;98;;;;;15219.5;0.0
0;2400;COCONUTS;8108;194;;;;;8110;79;8111;115;;;8109.0;48.8828125
0;2400;PEARLS;9998;4;9996;2;9995;23;10004;2;10005;23;;;10001.0;34.0
0;2400;BANANAS;4894;3;4890;6;4889;23;4896;25;;;;;4895.0;114.625
0;2400;PINA_COLADAS;15216;88;;;;;15219;88;;;;;15217.5;0.0
0;2500;PEARLS;9996;1;9995;20;;;10004;1;10005;20;;;10000.0;34.0
0;2500;BANANAS;4890;21;;;;;4891;5;4896;1;4897;20;4890.5;106.84375
0;2500;COCONUTS;8107;154;;;;;8110;154;;;;;8108.5;55.484375
0;2500;PINA_COLADAS;15215;77;;;;;15218;24;15219;53;;;15216.5;0.0
0;2600;PINA_COLADAS;15218;80;;;;;15221;80;;;;;15219.5;0.0
0;2600;COCONUTS;8108;66;8107;102;;;8110;168;;;;;8109.0;50.9453125
0;2600;PEARLS;9995;25;;;;;10005;25;;;;;10000.0;34.0
0;2600;BANANAS;4889;25;;;;;4896;25;;;;;4892.5;109.0625
0;2700;PEARLS;9998;4;9996;1;9995;24;10004;1;10005;24;;;10001.0;24.0
0;2700;BANANAS;4890;10;4889;24;;;4896;25;;;;;4893.0;109.546875
0;2700;COCONUTS;8107;216;;;;;8110;216;;;;;8108.5;55.0625
0;2700;PINA_COLADAS;15219;39;15218;57;;;15222;96;;;;;15220.5;0.0
0;2800;COCONUTS;8106;179;;;;;8109;179;;;;;8107.5;66.7265625
0;2800;PEARLS;9998;5;9995;29;;;10005;29;;;;;10001.5;24.0
0;2800;BANANAS;4895;1;4891;5;4890;29;4897;29;;;;;4896.0;90.96875
0;2800;PINA_COLADAS;15218;23;15217;92;;;15220;92;;;;;15219.0;0.0
0;2900;PEARLS;10002;10;9996;2;9995;23;10004;2;10005;23;;;10003.0;22.0
0;2900;BANANAS;4891;25;;;;;4897;25;;;;;4894.0;69.0
0;2900;COCONUTS;8105;170;;;;;8108;170;;;;;8106.5;73.34375
0;2900;PINA_COLADAS;15216;97;;;;;15219;97;;;;;15217.5;0.0
0;3000;PINA_COLADAS;15216;94;;;;;15219;94;;;;;15217.5;0.0
0;3000;COCONUTS;8106;189;;;;;8109;189;;;;;8107.5;66.0703125
0;3000;PEARLS;9996;2;9995;29;;;10004;2;10005;29;;;10000.0;22.0
0;3000;BANANAS;4891;31;;;;;4897;31;;;;;4894.0;67.484375
0;3100;PEARLS;9996;2;9995;26;;;10004;2;10005;26;;;10000.0;22.0
0;3100;BANANAS;4891;27;;;;;4897;2;4898;26;;;4894.0;61.46875
0;3100;COCONUTS;8105;208;;;;;8108;208;;;;;8106.5;74.03125
0;3100;PINA_COLADAS;15216;108;;;;;15219;108;;;;;15217.5;0.0
0;3200;COCONUTS;8105;182;;;;;8108;182;;;;;8106.5;77.921875
0;3200;PEARLS;9996;2;9995;30;;;10002;6;10004;2;10005;30;9999.0;22.0
0;3200;BANANAS;4891;32;;;;;4896;6;4898;32;;;4893.5;38.734375
0;3200;PINA_COLADAS;15216;29;15215;63;;;15219;92;;;;;15217.5;0.0
0;3300;PEARLS;9996;2;9995;26;;;10004;2;10005;26;;;10000.0;22.0
0;3300;BANANAS;4891;28;;;;;4897;2;4898;26;;;4894.0;54.421875
0;3300;COCONUTS;8105;72;8104;174;;;8107;174;;;;;8106.0;84.875
0;3300;PINA_COLADAS;15214;90;;;;;15217;90;;;;;15215.5;0.0
0;3400;PINA_COLADAS;15215;101;;;;;15218;101;;;;;15216.5;0.0
0;3400;COCONUTS;8105;56;8104;152;;;8107;152;;;;;8106.0;81.984375
0;3400;PEARLS;9996;2;9995;27;;;10004;2;10005;27;;;10000.0;6.0
0;3400;BANANAS;4891;29;;;;;4897;2;4898;27;;;4894.0;54.078125
0;3500;PEARLS;9996;2;9995;28;;;10002;9;10004;2;10005;28;9999.0;6.0
0;3500;COCONUTS;8103;49;8102;130;;;8105;49;8106;130;;;8104.0;100.0546875
0;3500;BANANAS;4891;30;;;;;4896;9;4897;2;4898;28;4893.5;54.03125
0;3500;PINA_COLADAS;15211;93;;;;;15214;23;15215;70;;;15212.5;0.0
0;3600;PEARLS;9995;21;;;;;9998;1;10005;21;;;9996.5;6.0
0;3600;COCONUTS;8103;202;;;;;8106;202;;;;;8104.5;98.0234375
0;3600;BANANAS;4891;21;;;;;4898;21;;;;;4894.5;58.59375
0;3600;PINA_COLADAS;15215;31;15214;61;;;15217;31;15218;61;;;15216.0;0.0
0;3700;PEARLS;9996;2;9995;29;;;10000;5;10002;7;10004;2;9998.0;6.0
0;3700;COCONUTS;8102;64;8101;106;;;8104;170;;;;;8103.0;110.8359375
0;3700;BANANAS;4892;31;;;;;4896;6;4898;31;;;4894.0;28.796875
0;3700;PINA_COLADAS;15213;33;15212;60;;;15215;33;15216;60;;;15214.0;0.0
0;3800;PINA_COLADAS;15209;93;;;;;15212;93;;;;;15210.5;0.0
0;3800;PEARLS;10002;1;9996;1;9995;29;10004;1;10005;29;;;10003.0;6.0
0;3800;COCONUTS;8101;72;8100;136;;;8103;208;;;;;8102.0;121.5234375
0;3800;BANANAS;4892;30;;;;;4898;1;4899;29;;;4895.0;18.71875
0;3900;PEARLS;9998;1;9995;25;;;10005;25;;;;;10001.5;6.0
0;3900;COCONUTS;8101;198;;;;;8104;198;;;;;8102.5;117.1015625
0;3900;BANANAS;4893;1;4892;25;;;4898;25;;;;;4895.5;29.109375
0;3900;PINA_COLADAS;15208;73;;;;;15211;73;;;;;15209.5;0.0
0;4000;PEARLS;10002;9;9996;2;9995;27;10004;2;10005;27;;;10003.0;6.0
0;4000;COCONUTS;8102;121;;;;;8103;23;8105;169;;;8102.5;62.84375
0;4000;BANANAS;4892;2;4891;27;;;4898;29;;;;;4895.0;37.828125
0;4000;PINA_COLADAS;15212;29;15211;59;;;15215;88;;;;;15213.5;0.0
0;4100;PEARLS;9996;1;9995;23;;;10004;1;10005;23;;;10000.0;6.0
0;4100;COCONUTS;8102;194;;;;;8104;56;8105;138;;;8103.0;104.40625
0;4100;BANANAS;4892;24;;;;;4899;24;;;;;4895.5;7.484375
0;4100;PINA_COLADAS;15210;98;;;;;15213;98;;;;;15211.5;0.0
0;4200;PINA_COLADAS;15209;27;15208;52;;;15211;27;15212;52;;;15210.0;0.0
0;4200;PEARLS;9996;2;9995;26;;;10004;2;10005;26;;;10000.0;6.0
0;4200;COCONUTS;8101;76;8100;147;;;8103;223;;;;;8102.0;169.375
0;4200;BANANAS;4892;26;;;;;4893;10;4899;28;;;4892.5;-7.375
0;4300;PEARLS;9996;2;9995;29;;;10004;2;10005;29;;;10000.0;6.0
0;4300;COCONUTS;8101;201;;;;;8104;201;;;;;8102.5;146.6875
0;4300;BANANAS;4892;31;;;;;4899;31;;;;;4895.5;-30.640625
0;4300;PINA_COLADAS;15208;33;15207;66;;;15210;33;15211;66;;;15209.0;0.0
0;4400;PEARLS;9996;1;9995;26;;;9998;1;10004;1;10005;26;9997.0;-11.0
0;4400;COCONUTS;8101;150;;;;;8103;43;8104;107;;;8102.0;164.8125
0;4400;BANANAS;4892;26;;;;;4899;27;;;;;4895.5;-41.21875
0;4400;PINA_COLADAS;15207;34;15206;58;;;15209;34;15210;58;;;15208.0;0.0
0;4500;PINA_COLADAS;15206;29;15205;51;;;15208;29;15209;51;;;15207.0;0.0
0;4500;COCONUTS;8100;178;;;;;8102;53;8103;125;;;8101.0;222.59375
0;4500;PEARLS;9995;27;;;;;10005;27;;;;;10000.0;-13.0
0;4500;BANANAS;4892;27;;;;;4899;27;;;;;4895.5;-43.421875
0;4600;COCONUTS;8101;177;;;;;8104;177;;;;;8102.5;152.4375
0;4600;PINA_COLADAS;15207;93;;;;;15210;40;15211;53;;;15208.5;0.0
0;4600;PEARLS;9996;1;9995;21;;;10004;1;10005;21;;;10000.0;-13.0
0;4600;BANANAS;4893;1;4892;21;;;4899;22;;;;;4896.0;-38.890625
0;4700;COCONUTS;8101;165;;;;;8104;165;;;;;8102.5;155.25
0;4700;PEARLS;9998;4;9996;1;9995;26;10004;1;10005;26;;;10001.0;-13.0
0;4700;BANANAS;4892;27;;;;;4893;8;4899;27;;;4892.5;-46.53125
0;4700;PINA_COLADAS;15208;100;;;;;15211;100;;;;;15209.5;0.0
0;4800;COCONUTS;8102;78;8101;168;;;8104;168;;;;;8103.0;128.75
0;4800;PINA_COLADAS;15208;92;;;;;15211;92;;;;;15209.5;0.0
0;4800;PEARLS;10002;3;9996;1;9995;24;10004;1;10005;24;;;10003.0;-13.0
0;4800;BANANAS;4898;1;4893;1;4892;24;4899;25;;;;;4898.5;-78.78125
0;4900;PINA_COLADAS;15207;104;;;;;15210;104;;;;;15208.5;0.0
0;4900;COCONUTS;8100;190;;;;;8103;190;;;;;8101.5;191.6875
0;4900;PEARLS;9995;22;;;;;9998;4;10005;22;;;9996.5;-9.0
0;4900;BANANAS;4893;22;;;;;4899;22;;;;;4896.0;-84.28125
0;5000;COCONUTS;8101;143;;;;;8103;42;8104;101;;;8102.0;166.78125
0;5000;PINA_COLADAS;15206;100;;;;;15209;100;;;;;15207.5;0.0
0;5000;PEARLS;9998;3;9996;1;9995;22;10004;1;10005;22;;;10001.0;-17.0
0;5000;BANANAS;4893;4;4892;22;;;4899;23;;;;;4896.0;-75.0625
0;5100;COCONUTS;8099;52;8098;134;;;8101;186;;;;;8100.0;286.125
0;5100;PEARLS;10002;1;9998;9;9995;25;10005;25;;;;;10003.5;-17.0
0;5100;BANANAS;4894;7;4893;25;;;4899;25;;;;;4896.5;-95.625
0;5100;PINA_COLADAS;15204;86;;;;;15207;86;;;;;15205.5;0.0
0;5200;COCONUTS;8100;169;;;;;8102;43;8103;126;;;8101.0;223.9375
0;5200;PINA_COLADAS;15205;103;;;;;15208;103;;;;;15206.5;0.0
0;5200;PEARLS;9996;2;9995;22;;;10004;2;10005;22;;;10000.0;-17.0
0;5200;BANANAS;4893;24;;;;;4900;24;;;;;4896.5;-122.8125
0;5300;PINA_COLADAS;15208;26;15207;67;;;15210;26;15211;67;;;15209.0;0.0
0;5300;BANANAS;4893;25;;;;;4900;25;;;;;4896.5;-137.125
0;5300;COCONUTS;8100;181;;;;;8103;181;;;;;8101.5;180.96875
0;5300;PEARLS;9995;25;;;;;10005;25;;;;;10000.0;-17.0
0;5400;BANANAS;4894;27;;;;;4899;8;4901;27;;;4896.5;-202.8125
0;5400;COCONUTS;8101;172;;;;;8104;172;;;;;8102.5;153.71875
0;5400;PINA_COLADAS;15210;88;;;;;15213;88;;;;;15211.5;0.0
0;5400;PEARLS;9995;27;;;;;10000;6;10002;8;10005;27;9997.5;-17.0
0;5500;COCONUTS;8101;172;;;;;8102;41;8104;172;;;8101.5;145.40625
0;5500;PEARLS;9996;1;9995;29;;;10004;1;10005;29;;;10000.0;-17.0
0;5500;PINA_COLADAS;15209;103;;;;;15212;103;;;;;15210.5;0.0
0;5500;BANANAS;4895;1;4894;29;;;4901;30;;;;;4898.0;-212.90625
0;5600;COCONUTS;8102;48;8101;150;;;8104;198;;;;;8103.0;117.375
0;5600;PINA_COLADAS;15213;32;15212;67;;;15215;32;15216;67;;;15214.0;0.0
0;5600;PEARLS;10002;1;9998;8;9996;1;10004;1;10005;26;;;10003.0;-17.0
0;5600;BANANAS;4896;8;4895;27;;;4901;1;4902;26;;;4898.5;-245.9375
0;5700;PINA_COLADAS;15216;26;15215;59;;;15219;85;;;;;15217.5;0.0
0;5700;BANANAS;4897;2;4896;4;4895;25;4901;25;;;;;4899.0;-230.0
0;5700;COCONUTS;8102;53;8101;124;;;8104;177;;;;;8103.0;119.0625
0;5700;PEARLS;9998;4;9996;2;9995;23;10004;2;10005;23;;;10001.0;-17.0
0;5800;BANANAS;4900;1;4895;10;4894;24;4901;24;;;;;4900.5;-207.3125
0;5800;PINA_COLADAS;15215;101;;;;;15218;101;;;;;15216.5;0.0
0;5800;PEARLS;10002;1;9998;10;9995;24;10005;24;;;;;10003.5;-17.0
0;5800;COCONUTS;8101;179;;;;;8104;179;;;;;8102.5;153.28125
0;5900;PEARLS;10000;5;9996;1;9995;20;10004;1;10005;20;;;10002.0;-17.0
0;5900;COCONUTS;8101;73;8100;205;;;8102;78;8103;127;;;8101.5;222.875
0;5900;PINA_COLADAS;15211;90;;;;;15214;90;;;;;15212.5;0.0
0;5900;BANANAS;4895;21;;;;;4901;21;;;;;4898.0;-231.0
0;6000;PINA_COLADAS;15213;23;15212;68;;;15216;91;;;;;15214.5;0.0
0;6000;PEARLS;9996;2;9995;22;;;9998;4;10004;2;10005;22;9997.0;-17.0
0;6000;COCONUTS;8100;193;;;;;8103;193;;;;;8101.5;183.25
0;6000;BANANAS;4895;2;4894;22;;;4901;24;;;;;4898.0;-221.34375
0;6100;PINA_COLADAS;15213;96;;;;;15216;96;;;;;15214.5;0.0
0;6100;BANANAS;4895;1;4894;24;;;4899;2;4901;25;;;4897.0;-216.0
0;6100;PEARLS;9996;1;9995;24;;;10000;5;10002;2;10004;1;9998.0;-17.0
0;6100;COCONUTS;8100;192;;;;;8101;59;8103;192;;;8100.5;208.3125
0;6200;BANANAS;4894;29;;;;;4895;12;4901;30;;;4894.5;-217.96875
0;6200;PINA_COLADAS;15207;99;;;;;15210;33;15211;66;;;15208.5;0.0
0;6200;PEARLS;9996;1;9995;29;;;10004;1;10005;29;;;10000.0;-17.0
0;6200;COCONUTS;8099;148;;;;;8102;148;;;;;8100.5;264.8125
0;6300;PEARLS;9995;25;;;;;10005;25;;;;;10000.0;-17.0
0;6300;COCONUTS;8099;8;8098;113;;;8101;173;;;;;8100.0;235.0
0;6300;PINA_COLADAS;15206;85;;;;;15209;85;;;;;15207.5;0.0
0;6300;BANANAS;4894;24;;;;;4901;25;;;;;4897.5;-221.0625
0;6400;PINA_COLADAS;15205;39;15204;73;;;15207;39;15208;73;;;15206.0;0.0
0;6400;PEARLS;10000;4;9995;23;;;10005;23;;;;;10002.5;-17.0
0;6400;COCONUTS;8098;201;;;;;8100;53;8101;148;;;8099.0;326.0
0;6400;BANANAS;4894;23;;;;;4901;23;;;;;4897.5;-209.15625
0;6500;PINA_COLADAS;15205;36;15204;71;;;15207;36;15208;71;;;15206.0;0.0
0;6500;BANANAS;4894;20;;;;;4901;20;;;;;4897.5;-225.875
0;6500;PEARLS;9995;20;;;;;10005;20;;;;;10000.0;-17.0
0;6500;COCONUTS;8098;181;;;;;8101;181;;;;;8099.5;289.3125
0;6600;BANANAS;4894;27;;;;;4901;27;;;;;4897.5;-207.0625
0;6600;PINA_COLADAS;15202;82;;;;;15205;82;;;;;15203.5;0.0
0;6600;PEARLS;9996;1;9995;26;;;10004;1;10005;26;;;10000.0;-17.0
0;6600;COCONUTS;8098;199;;;;;8101;199;;;;;8099.5;290.25
0;6700;PEARLS;10002;4;9996;2;9995;26;10004;2;10005;26;;;10003.0;-17.0
0;6700;COCONUTS;8099;178;;;;;8101;74;8102;104;;;8100.0;220.25
0;6700;PINA_COLADAS;15203;32;15202;74;;;15206;106;;;;;15204.5;0.0
0;6700;BANANAS;4894;28;;;;;4900;2;4901;26;;;4897.0;-126.5
0;6800;COCONUTS;8099;191;;;;;8102;191;;;;;8100.5;179.0
0;6800;PINA_COLADAS;15207;32;15206;102;;;15209;102;;;;;15208.0;0.0
0;6800;PEARLS;9998;1;9996;1;9995;23;10004;1;10005;23;;;10001.0;-9.0
0;6800;BANANAS;4894;1;4893;24;;;4899;1;4900;23;;;4896.5;-21.03125
0;6900;PINA_COLADAS;15205;37;15204;56;;;15207;37;15208;56;;;15206.0;0.0
0;6900;PEARLS;9995;28;;;;;10005;28;;;;;10000.0;-19.0
0;6900;BANANAS;4898;1;4897;4;4893;28;4900;28;;;;;4899.0;-47.6875
0;6900;COCONUTS;8099;76;8098;131;;;8101;207;;;;;8100.0;238.25
0;7000;PEARLS;10000;6;9998;7;9996;2;10004;2;10005;27;;;10002.0;-19.0
0;7000;BANANAS;4894;9;4893;27;;;4900;29;;;;;4897.0;-82.75
0;7000;COCONUTS;8099;74;8098;103;;;8101;177;;;;;8100.0;244.0
0;7000;PINA_COLADAS;15205;99;;;;;15208;99;;;;;15206.5;0.0
0;7100;COCONUTS;8099;74;8098;117;;;8101;191;;;;;8100.0;237.375
0;7100;PINA_COLADAS;15206;100;;;;;15209;30;15210;70;;;15207.5;0.0
0;7100;PEARLS;9996;1;9995;29;;;10004;1;10005;29;;;10000.0;-19.0
0;7100;BANANAS;4893;30;;;;;4900;30;;;;;4896.5;-63.0
0;7200;COCONUTS;8098;167;;;;;8101;167;;;;;8099.5;267.1875
0;7200;PINA_COLADAS;15204;40;15203;57;;;15207;97;;;;;15205.5;0.0
0;7200;PEARLS;9996;2;9995;21;;;10004;2;10005;21;;;10000.0;-19.0
0;7200;BANANAS;4893;23;;;;;4899;2;4900;21;;;4896.0;-25.5
0;7300;PINA_COLADAS;15204;38;15203;74;;;15206;38;15207;74;;;15205.0;0.0
0;7300;PEARLS;9996;2;9995;23;;;10002;4;10004;2;10005;23;9999.0;-15.0
0;7300;BANANAS;4893;25;;;;;4898;4;4900;25;;;4895.5;-31.3125
0;7300;COCONUTS;8099;172;;;;;8100;51;8101;68;8102;104;8099.5;215.375
0;7400;PEARLS;10002;1;9996;2;9995;28;10004;2;10005;28;;;10003.0;-15.0
0;7400;BANANAS;4894;30;;;;;4900;2;4901;28;;;4897.0;-117.4375
0;7400;COCONUTS;8100;73;8099;123;;;8102;196;;;;;8101.0;124.875
0;7400;PINA_COLADAS;15206;98;;;;;15209;98;;;;;15207.5;0.0
0;7500;COCONUTS;8099;193;;;;;8102;193;;;;;8100.5;157.0
0;7500;PINA_COLADAS;15206;104;;;;;15209;104;;;;;15207.5;0.0
0;7500;PEARLS;9995;29;;;;;10005;29;;;;;10000.0;-13.0
0;7500;BANANAS;4894;29;;;;;4901;29;;;;;4897.5;-168.0
0;7600;COCONUTS;8100;193;;;;;8103;193;;;;;8101.5;71.625
0;7600;PINA_COLADAS;15208;74;;;;;15211;74;;;;;15209.5;0.0
0;7600;PEARLS;9996;2;9995;24;;;10004;2;10005;24;;;10000.0;-13.0
0;7600;BANANAS;4895;2;4894;24;;;4901;26;;;;;4898.0;-188.375
0;7700;PINA_COLADAS;15207;32;15206;62;;;15209;32;15210;62;;;15208.0;0.0
0;7700;PEARLS;9995;28;;;;;10005;28;;;;;10000.0;-13.0
0;7700;BANANAS;4900;1;4894;28;;;4901;28;;;;;4900.5;-178.375
0;7700;COCONUTS;8099;146;;;;;8102;146;;;;;8100.5;173.6875
0;7800;PEARLS;9996;1;9995;22;;;10004;1;10005;22;;;10000.0;-8.0
0;7800;BANANAS;4900;1;4895;1;4894;22;4901;23;;;;;4900.5;-182.25
0;7800;COCONUTS;8098;59;8097;144;;;8100;203;;;;;8099.0;355.6875
0;7800;PINA_COLADAS;15203;76;;;;;15206;20;15207;56;;;15204.5;0.0
0;7900;COCONUTS;8098;183;;;;;8101;183;;;;;8099.5;316.8125
0;7900;PINA_COLADAS;15202;82;;;;;15205;82;;;;;15203.5;0.0
0;7900;PEARLS;9996;1;9995;25;;;10002;4;10004;1;10005;25;9999.0;-6.0
0;7900;BANANAS;4895;26;;;;;4900;4;4901;1;4902;25;4897.5;-218.6875
0;8000;PINA_COLADAS;15203;88;;;;;15206;88;;;;;15204.5;0.0
0;8000;PEARLS;9996;1;9995;22;;;10004;1;10005;22;;;10000.0;-6.0
0;8000;COCONUTS;8098;192;;;;;8099;40;8101;192;;;8098.5;260.25
0;8000;BANANAS;4896;23;;;;;4902;23;;;;;4899.0;-325.8125
0;8100;PINA_COLADAS;15203;92;;;;;15206;92;;;;;15204.5;0.0
0;8100;PEARLS;9995;22;;;;;10005;22;;;;;10000.0;-6.0
0;8100;COCONUTS;8099;202;;;;;8101;55;8102;147;;;8100.0;216.0625
0;8100;BANANAS;4896;22;;;;;4902;22;;;;;4899.0;-330.0
0;8200;PEARLS;9995;20;;;;;9998;1;10002;2;10005;20;9996.5;-6.0
0;8200;COCONUTS;8098;190;;;;;8101;190;;;;;8099.5;269.625
0;8200;BANANAS;4896;20;;;;;4903;20;;;;;4899.5;-399.0625
0;8200;PINA_COLADAS;15201;98;;;;;15204;98;;;;;15202.5;0.0
0;8300;PINA_COLADAS;15202;33;15201;65;;;15204;33;15205;65;;;15203.0;0.0
0;8300;PEARLS;10002;1;9998;6;9996;1;10004;1;10005;26;;;10003.0;-8.0
0;8300;COCONUTS;8098;183;;;;;8101;183;;;;;8099.5;258.9375
0;8300;BANANAS;4897;7;4896;26;;;4903;27;;;;;4900.0;-420.9375
0;8400;PINA_COLADAS;15205;26;15204;50;;;15207;26;15208;50;;;15206.0;0.0
0;8400;PEARLS;9995;26;;;;;10005;26;;;;;10000.0;-8.0
0;8400;COCONUTS;8099;79;8098;143;;;8101;222;;;;;8100.0;246.6875
0;8400;BANANAS;4897;26;;;;;4904;26;;;;;4900.5;-453.25
0;8500;PINA_COLADAS;15204;40;15203;61;;;15207;101;;;;;15205.5;0.0
0;8500;PEARLS;9995;30;;;;;10005;30;;;;;10000.0;-8.0
0;8500;COCONUTS;8098;172;;;;;8101;172;;;;;8099.5;300.125
0;8500;BANANAS;4899;5;4896;30;;;4903;30;;;;;4901.0;-415.5625
0;8600;PEARLS;9996;1;9995;22;;;10004;1;10005;22;;;10000.0;-8.0
0;8600;COCONUTS;8098;78;8097;156;;;8100;156;;;;;8099.0;413.75
0;8600;BANANAS;4896;23;;;;;4903;23;;;;;4899.5;-355.0625
0;8600;PINA_COLADAS;15205;92;;;;;15208;92;;;;;15206.5;0.0
0;8700;PINA_COLADAS;15203;33;15202;101;;;15205;31;15206;70;;;15204.0;0.0
0;8700;PEARLS;9996;1;9995;29;;;10004;1;10005;29;;;10000.0;-8.0
0;8700;COCONUTS;8096;182;;;;;8099;182;;;;;8097.5;521.5625
0;8700;BANANAS;4896;30;;;;;4898;1;4903;30;;;4897.0;-374.625
0;8800;PINA_COLADAS;15203;86;;;;;15206;24;15207;62;;;15204.5;0.0
0;8800;PEARLS;9995;23;;;;;9998;12;10005;23;;;9996.5;-8.0
0;8800;COCONUTS;8096;64;8095;139;;;8098;64;8099;139;;;8097.0;562.9375
0;8800;BANANAS;4896;23;;;;;4897;4;4903;23;;;4896.5;-341.0625
0;8900;PEARLS;10002;5;9996;1;9995;26;10004;1;10005;26;;;10003.0;-8.0
0;8900;COCONUTS;8095;185;;;;;8098;185;;;;;8096.5;621.1875
0;8900;PINA_COLADAS;15199;97;;;;;15202;97;;;;;15200.5;0.0
0;8900;BANANAS;4896;27;;;;;4902;1;4903;26;;;4899.0;-332.125
0;9000;COCONUTS;8096;78;8095;116;;;8098;194;;;;;8097.0;565.4375
0;9000;PEARLS;9995;23;;;;;10002;7;10005;23;;;9998.5;2.0
0;9000;BANANAS;4895;23;;;;;4900;7;4902;23;;;4897.5;-296.8125
0;9000;PINA_COLADAS;15198;33;15197;73;;;15201;106;;;;;15199.5;0.0
0;9100;COCONUTS;8096;61;8095;149;;;8098;210;;;;;8097.0;570.8125
0;9100;PINA_COLADAS;15199;74;;;;;15202;74;;;;;15200.5;0.0
0;9100;PEARLS;9996;1;9995;30;;;10004;1;10005;30;;;10000.0;2.0
0;9100;BANANAS;4896;31;;;;;4899;3;4903;31;;;4897.5;-367.9375
0;9200;PINA_COLADAS;15197;85;;;;;15198;38;15200;85;;;15197.5;0.0
0;9200;COCONUTS;8095;182;;;;;8097;51;8098;131;;;8096.0;662.25
0;9200;PEARLS;9995;24;;;;;10002;3;10005;24;;;9998.5;2.0
0;9200;BANANAS;4896;24;;;;;4901;3;4903;24;;;4898.5;-370.0625
0;9300;COCONUTS;8095;56;8094;153;;;8097;153;;;;;8096.0;753.1875
0;9300;PINA_COLADAS;15197;38;15196;71;;;15199;71;;;;;15198.0;0.0
0;9300;PEARLS;9995;23;;;;;10005;23;;;;;10000.0;2.0
0;9300;BANANAS;4895;23;;;;;4902;23;;;;;4898.5;-304.4375
0;9400;COCONUTS;8093;201;;;;;8096;201;;;;;8094.5;864.0625
0;9400;PEARLS;9996;2;9995;22;;;10004;2;10005;22;;;10000.0;2.0
0;9400;BANANAS;4895;24;;;;;4902;24;;;;;4898.5;-270.625
0;9400;PINA_COLADAS;15195;102;;;;;15198;102;;;;;15196.5;0.0
0;9500;COCONUTS;8093;52;8092;114;;;8095;166;;;;;8094.0;906.3125
0;9500;PINA_COLADAS;15194;37;15193;70;;;15197;107;;;;;15195.5;0.0
0;9500;PEARLS;9998;9;9996;1;9995;28;10004;1;10005;28;;;10001.0;2.0
0;9500;BANANAS;4897;9;4896;29;;;4902;1;4903;28;;;4899.5;-335.125
0;9600;PINA_COLADAS;15194;25;15193;52;;;15197;77;;;;;15195.5;0.0
0;9600;COCONUTS;8092;223;;;;;8095;223;;;;;8093.5;964.25
0;9600;PEARLS;9995;20;;;;;10005;20;;;;;10000.0;2.0
0;9600;BANANAS;4896;19;;;;;4902;20;;;;;4899.0;-325.6875
0;9700;BANANAS;4897;3;4896;25;;;4903;25;;;;;4900.0;-343.5625
0;9700;COCONUTS;8092;160;;;;;8095;160;;;;;8093.5;972.0625
0;9700;PINA_COLADAS;15190;101;;;;;15193;34;15194;67;;;15191.5;0.0
0;9700;PEARLS;9998;3;9995;25;;;10005;25;;;;;10001.5;2.0
0;9800;COCONUTS;8092;59;8091;133;;;8094;192;;;;;8093.0;1011.25
0;9800;PEARLS;9995;21;;;;;10002;5;10005;21;;;9998.5;2.0
0;9800;BANANAS;4895;21;;;;;4900;5;4902;21;;;4897.5;-286.25
0;9800;PINA_COLADAS;15191;33;15190;57;;;15194;90;;;;;15192.5;0.0
0;9900;BANANAS;4895;22;;;;;4902;22;;;;;4898.5;-296.0
0;9900;COCONUTS;8092;172;;;;;8095;172;;;;;8093.5;957.875
0;9900;PINA_COLADAS;15193;38;15192;98;;;15195;98;;;;;15194.0;0.0
0;9900;PEARLS;9995;22;;;;;10005;22;;;;;10000.0;2.0
0;10000;PINA_COLADAS;15189;20;15188;52;;;15191;20;15192;52;;;15190.0;0.0
0;10000;COCONUTS;8091;174;;;;;8094;174;;;;;8092.5;1090.625
0;10000;PEARLS;9998;8;9996;2;9995;29;10004;2;10005;29;;;10001.0;2.0
0;10000;BANANAS;4896;8;4895;31;;;4902;31;;;;;4899.0;-270.625
0;10100;BANANAS;4895;22;;;;;4902;22;;;;;4898.5;-281.5
0;10100;COCONUTS;8091;151;;;;;8092;77;8093;47;8094;104;8091.5;1102.625
0;10100;PINA_COLADAS;15187;111;;;;;15190;39;15191;72;;;15188.5;0.0
0;10100;PEARLS;9995;22;;;;;10005;22;;;;;10000.0;2.0
0;10200;PEARLS;9996;2;9995;23;;;10004;2;10005;23;;;10000.0;2.0
0;10200;COCONUTS;8091;180;;;;;8092;53;8093;53;8094;127;8091.5;1098.0
0;10200;BANANAS;4895;25;;;;;4901;2;4902;23;;;4898.0;-229.6875
0;10200;PINA_COLADAS;15187;89;;;;;15190;89;;;;;15188.5;0.0
0;10300;BANANAS;4895;22;;;;;4896;4;4901;2;4902;20;4895.5;-234.375
0;10300;PINA_COLADAS;15186;88;;;;;15189;22;15190;66;;;15187.5;0.0
0;10300;PEARLS;9996;2;9995;20;;;10004;2;10005;20;;;10000.0;2.0
0;10300;COCONUTS;8091;71;8090;167;;;8093;167;;;;;8092.0;1139.25
0;10400;PINA_COLADAS;15185;79;;;;;15188;79;;;;;15186.5;0.0
0;10400;PEARLS;9995;30;;;;;10005;30;;;;;10000.0;10.0
0;10400;COCONUTS;8090;170;;;;;8092;62;8093;108;;;8091.0;1210.125
0;10400;BANANAS;4895;30;;;;;4902;30;;;;;4898.5;-264.25
0;10500;BANANAS;4896;4;4895;28;;;4901;28;;;;;4898.5;-209.9375
0;10500;PINA_COLADAS;15182;90;;;;;15185;90;;;;;15183.5;0.0
0;10500;PEARLS;9998;4;9996;1;9995;27;10004;1;10005;27;;;10001.0;10.0
0;10500;COCONUTS;8089;127;8088;115;;;8091;164;;;;;8090.0;1352.0
0;10600;PEARLS;9995;23;;;;;9998;2;10002;6;10005;23;9996.5;10.0
0;10600;COCONUTS;8088;182;;;;;8091;182;;;;;8089.5;1360.125
0;10600;BANANAS;4895;23;;;;;4900;6;4902;23;;;4897.5;-251.5
0;10600;PINA_COLADAS;15181;87;;;;;15184;87;;;;;15182.5;0.0
0;10700;BANANAS;4896;1;4895;23;;;4902;23;;;;;4899.0;-233.0625
0;10700;PINA_COLADAS;15180;89;;;;;15183;39;15184;50;;;15181.5;0.0
0;10700;PEARLS;9998;1;9995;23;;;10005;23;;;;;10001.5;6.0
0;10700;COCONUTS;8088;151;;;;;8089;56;8091;151;;;8088.5;1381.0625
0;10800;PINA_COLADAS;15177;38;15176;65;;;15179;38;15180;65;;;15178.0;0.0
0;10800;PEARLS;10002;1;9998;4;9995;23;10005;23;;;;;10003.5;6.0
0;10800;COCONUTS;8088;158;;;;;8090;52;8091;106;;;8089.0;1427.0625
0;10800;BANANAS;4896;3;4895;23;;;4902;23;;;;;4899.0;-246.6875
0;10900;BANANAS;4895;1;4894;29;;;4901;30;;;;;4898.0;-180.75
0;10900;PINA_COLADAS;15175;95;;;;;15178;27;15179;68;;;15176.5;0.0
0;10900;PEARLS;9996;1;9995;29;;;10004;1;10005;29;;;10000.0;8.0
0;10900;COCONUTS;8088;56;8087;141;;;8090;197;;;;;8089.0;1453.1875
0;11000;PEARLS;9996;1;9995;29;;;10004;1;10005;29;;;10000.0;8.0
0;11000;COCONUTS;8087;164;;;;;8090;164;;;;;8088.5;1470.8125
0;11000;BANANAS;4894;30;;;;;4900;1;4901;29;;;4897.0;-110.8125
0;11000;PINA_COLADAS;15177;83;;;;;15180;83;;;;;15178.5;0.0
0;11100;BANANAS;4894;31;;;;;4899;4;4900;2;4901;29;4896.5;-98.625
0;11100;PINA_COLADAS;15176;96;;;;;15179;96;;;;;15177.5;0.0
0;11100;PEARLS;9996;2;9995;29;;;10002;4;10004;2;10005;29;9999.0;8.0
0;11100;COCONUTS;8087;212;;;;;8090;212;;;;;8088.5;1529.5
0;11200;PINA_COLADAS;15174;84;;;;;15177;92;;;;;15175.5;-11.453125
0;11200;COCONUTS;8086;208;;;;;8089;208;;;;;8087.5;1619.125
0;11200;PEARLS;10002;1;9996;1;9995;28;10004;1;10005;28;;;10003.0;0.0
0;11200;BANANAS;4894;29;;;;;4901;29;;;;;4897.5;-145.875
0;11300;PEARLS;9996;1;9995;26;;;10004;1;10005;26;;;10000.0;0.0
0;11300;BANANAS;4898;1;4894;27;;;4900;1;4901;26;;;4899.0;-95.875
0;11300;COCONUTS;8086;198;;;;;8089;198;;;;;8087.5;1597.1875
0;11300;PINA_COLADAS;15173;74;;;;;15176;74;;;;;15174.5;-3.5703125
0;11400;COCONUTS;8087;193;;;;;8090;193;;;;;8088.5;1526.3125
0;11400;PEARLS;9998;2;9996;1;9995;23;10004;1;10005;23;;;10001.0;-2.0
0;11400;BANANAS;4895;3;4894;24;;;4900;1;4901;23;;;4897.5;-112.625
0;11400;PINA_COLADAS;15173;35;15172;61;;;15176;96;;;;;15174.5;-1.484375
0;11500;PEARLS;9998;1;9996;1;9995;28;10004;1;10005;28;;;10001.0;-2.0
0;11500;BANANAS;4894;2;4893;28;;;4900;29;;;;;4897.0;-49.1875
0;11500;COCONUTS;8087;162;;;;;8090;162;;;;;8088.5;1513.0625
0;11500;PINA_COLADAS;15171;72;;;;;15174;72;;;;;15172.5;10.6796875
0;11600;PINA_COLADAS;15173;38;15172;60;;;15176;98;;;;;15174.5;-0.96875
0;11600;COCONUTS;8087;211;;;;;8090;211;;;;;8088.5;1504.875
0;11600;PEARLS;9995;26;;;;;10005;26;;;;;10000.0;-2.0
0;11600;BANANAS;4892;26;;;;;4899;26;;;;;4895.5;47.625
0;11700;PEARLS;9996;1;9995;21;;;10004;1;10005;21;;;10000.0;-2.0
0;11700;BANANAS;4893;22;;;;;4899;1;4900;21;;;4896.0;14.25
0;11700;COCONUTS;8087;178;;;;;8090;178;;;;;8088.5;1482.3125
0;11700;PINA_COLADAS;15172;79;;;;;15175;79;;;;;15173.5;3.421875
0;11800;COCONUTS;8087;158;;;;;8090;158;;;;;8088.5;1465.875
0;11800;PEARLS;9995;21;;;;;10005;21;;;;;10000.0;-2.0
0;11800;BANANAS;4893;21;;;;;4900;21;;;;;4896.5;-15.4375
0;11800;PINA_COLADAS;15173;22;15172;71;;;15176;93;;;;;15174.5;-1.5234375
0;11900;PEARLS;9995;25;;;;;10005;25;;;;;10000.0;-2.0
0;11900;BANANAS;4893;25;;;;;4900;25;;;;;4896.5;-26.875
0;11900;COCONUTS;8087;199;;;;;8090;199;;;;;8088.5;1522.5
0;11900;PINA_COLADAS;15172;84;;;;;15175;84;;;;;15173.5;3.6015625
0;12000;PINA_COLADAS;15170;54;;;;;15171;11;15173;27;15174;54;15170.5;-8.25
0;12000;COCONUTS;8088;76;8087;178;;;8090;178;;;;;8089.0;1509.0
0;12000;PEARLS;9995;25;;;;;10005;25;;;;;10000.0;-2.0
0;12000;BANANAS;4893;25;;;;;4900;25;;;;;4896.5;-22.125
0;12100;PEARLS;9996;2;9995;20;;;10002;3;10004;2;10005;20;9999.0;0.0
0;12100;BANANAS;4894;2;4893;20;;;4898;4;4900;22;;;4896.0;-59.875
0;12100;COCONUTS;8086;75;8085;123;;;8088;198;;;;;8087.0;1663.25
0;12100;PINA_COLADAS;15166;111;;;;;15169;111;;;;;15167.5;176.75
0;12200;COCONUTS;8086;153;;;;;8088;40;8089;113;;;8087.0;1654.3125
0;12200;PEARLS;9998;10;9996;2;9995;26;10004;2;10005;26;;;10001.0;0.0
0;12200;BANANAS;4894;12;4893;26;;;4900;28;;;;;4897.0;-55.875
0;12200;PINA_COLADAS;15165;85;;;;;15168;85;;;;;15166.5;231.8125
0;12300;PEARLS;9996;1;9995;23;;;10000;5;10004;1;10005;23;9998.0;2.0
0;12300;BANANAS;4893;24;;;;;4900;24;;;;;4896.5;-32.1875
0;12300;COCONUTS;8086;69;8085;128;;;8088;197;;;;;8087.0;1665.75
0;12300;PINA_COLADAS;15163;108;;;;;15166;108;;;;;15164.5;328.375
0;12400;PINA_COLADAS;15162;88;;;;;15163;27;15165;88;;;15162.5;360.0
0;12400;PEARLS;9996;1;9995;29;;;10004;1;10005;29;;;10000.0;2.0
0;12400;COCONUTS;8085;169;;;;;8088;169;;;;;8086.5;1742.25
0;12400;BANANAS;4893;30;;;;;4899;1;4900;29;;;4896.0;2.125
0;12500;PEARLS;10002;5;9996;2;9995;29;10004;2;10005;29;;;10003.0;2.0
0;12500;COCONUTS;8084;182;;;;;8087;182;;;;;8085.5;1834.75
0;12500;BANANAS;4892;31;;;;;4899;31;;;;;4895.5;118.4375
0;12500;PINA_COLADAS;15158;27;15157;74;;;15161;101;;;;;15159.5;568.5625
0;12600;PEARLS;9998;5;9996;1;9995;30;10004;1;10005;30;;;10001.0;12.0
0;12600;COCONUTS;8083;208;;;;;8086;208;;;;;8084.5;1947.25
0;12600;BANANAS;4893;5;4892;31;;;4898;1;4899;30;;;4895.5;128.75
0;12600;PINA_COLADAS;15157;26;15156;59;;;15159;26;15160;59;;;15158.0;624.9375
0;12700;PEARLS;9996;2;9995;29;;;10004;2;10005;29;;;10000.0;12.0
0;12700;COCONUTS;8083;178;;;;;8086;178;;;;;8084.5;1967.0
0;12700;BANANAS;4892;31;;;;;4899;31;;;;;4895.5;104.8125
0;12700;PINA_COLADAS;15155;102;;;;;15158;102;;;;;15156.5;692.375
0;12800;PINA_COLADAS;15156;89;;;;;15159;89;;;;;15157.5;642.1875
0;12800;PEARLS;9996;1;9995;30;;;10002;3;10004;1;10005;30;9999.0;12.0
0;12800;COCONUTS;8083;171;;;;;8086;171;;;;;8084.5;1905.125
0;12800;BANANAS;4892;31;;;;;4896;3;4898;31;;;4894.0;169.375
0;12900;PEARLS;9995;24;;;;;10005;24;;;;;10000.0;12.0
0;12900;COCONUTS;8083;51;8082;167;;;8084;61;8085;106;;;8083.5;2090.5
0;12900;BANANAS;4892;24;;;;;4899;24;;;;;4895.5;149.875
0;12900;PINA_COLADAS;15154;21;15153;91;;;15156;33;15157;58;;;15155.0;765.0625
0;13000;PEARLS;9995;27;;;;;10005;27;;;;;10000.0;12.0
0;13000;COCONUTS;8081;177;;;;;8084;177;;;;;8082.5;2176.375
0;13000;BANANAS;4892;27;;;;;4899;27;;;;;4895.5;88.5625
0;13000;PINA_COLADAS;15152;102;;;;;15155;102;;;;;15153.5;829.875
0;13100;PEARLS;9996;2;9995;28;;;10004;2;10005;28;;;10000.0;12.0
0;13100;COCONUTS;8081;201;;;;;8084;201;;;;;8082.5;2173.0625
0;13100;BANANAS;4892;30;;;;;4899;30;;;;;4895.5;104.0625
0;13100;PINA_COLADAS;15153;93;;;;;15156;93;;;;;15154.5;790.125
0;13200;PINA_COLADAS;15154;96;;;;;15157;26;15158;70;;;15155.5;722.875
0;13200;PEARLS;9995;28;;;;;10005;28;;;;;10000.0;12.0
0;13200;COCONUTS;8081;149;;;;;8084;149;;;;;8082.5;2166.25
0;13200;BANANAS;4892;28;;;;;4899;28;;;;;4895.5;111.375
0;13300;PEARLS;9996;2;9995;26;;;10004;2;10005;26;;;10000.0;12.0
0;13300;COCONUTS;8083;168;;;;;8086;168;;;;;8084.5;1964.3125
0;13300;BANANAS;4898;1;4893;2;4892;26;4899;28;;;;;4898.5;55.3125
0;13300;PINA_COLADAS;15157;22;15156;74;;;15160;96;;;;;15158.5;613.0625
0;13400;COCONUTS;8084;59;8083;141;;;8086;59;8087;141;;;8085.0;1870.8125
0;13400;PINA_COLADAS;15159;99;;;;;15160;35;15162;99;;;15159.5;502.9375
0;13400;PEARLS;10002;1;9996;1;9995;25;10004;1;10005;25;;;10003.0;12.0
0;13400;BANANAS;4893;26;;;;;4900;26;;;;;4896.5;-21.9375
0;13500;PINA_COLADAS;15164;106;;;;;15167;106;;;;;15165.5;271.8125
0;13500;COCONUTS;8085;200;;;;;8088;200;;;;;8086.5;1680.1875
0;13500;PEARLS;9996;1;9995;29;;;10002;9;10004;1;10005;29;9999.0;12.0
0;13500;BANANAS;4896;4;4893;30;;;4898;9;4900;30;;;4897.0;-22.8125
0;13600;COCONUTS;8086;184;;;;;8088;71;8089;113;;;8087.0;1616.1875
0;13600;PINA_COLADAS;15164;28;15163;71;;;15165;20;15166;28;15167;71;15164.5;297.875
0;13600;PEARLS;9996;2;9995;23;;;10004;2;10005;23;;;10000.0;12.0
0;13600;BANANAS;4893;25;;;;;4899;2;4900;23;;;4896.0;24.6875
0;13700;COCONUTS;8086;202;;;;;8088;73;8089;129;;;8087.0;1627.3125
0;13700;PEARLS;10000;2;9996;2;9995;28;10002;7;10004;2;10005;28;10001.0;10.0
0;13700;BANANAS;4896;5;4893;30;;;4897;7;4899;30;;;4896.5;37.1875
0;13700;PINA_COLADAS;15162;86;;;;;15165;86;;;;;15163.5;372.9375
0;13800;COCONUTS;8086;173;;;;;8089;173;;;;;8087.5;1536.3125
0;13800;PINA_COLADAS;15163;25;15162;95;;;15165;95;;;;;15164.0;371.625
0;13800;PEARLS;9996;1;9995;24;;;10004;1;10005;24;;;10000.0;10.0
0;13800;BANANAS;4893;25;;;;;4899;1;4900;24;;;4896.0;28.6875
0;13900;PINA_COLADAS;15166;94;;;;;15169;94;;;;;15167.5;181.9375
0;13900;COCONUTS;8088;145;;;;;8090;41;8091;104;;;8089.0;1389.8125
0;13900;PEARLS;9995;20;;;;;10002;2;10005;20;;;9998.5;10.0
0;13900;BANANAS;4893;20;;;;;4898;2;4900;20;;;4895.5;-11.3125
0;14000;COCONUTS;8088;185;;;;;8091;185;;;;;8089.5;1343.375
0;14000;PINA_COLADAS;15168;92;;;;;15171;92;;;;;15169.5;101.4375
0;14000;PEARLS;9996;1;9995;26;;;10004;1;10005;26;;;10000.0;10.0
0;14000;BANANAS;4899;1;4894;27;;;4900;27;;;;;4899.5;-80.4375
0;14100;COCONUTS;8090;193;;;;;8092;78;8093;115;;;8091.0;1134.6875
0;14100;PEARLS;10000;3;9996;2;9995;22;10004;2;10005;22;;;10002.0;6.0
0;14100;BANANAS;4894;2;4893;22;;;4900;24;;;;;4897.0;-60.8125
0;14100;PINA_COLADAS;15170;79;;;;;15173;79;;;;;15171.5;-6.6875
0;14200;COCONUTS;8089;164;;;;;8092;164;;;;;8090.5;1183.3125
0;14200;PINA_COLADAS;15168;79;;;;;15171;79;;;;;15169.5;104.3125
0;14200;PEARLS;9996;2;9995;22;;;10004;2;10005;22;;;10000.0;6.0
0;14200;BANANAS;4894;2;4893;22;;;4900;24;;;;;4897.0;-69.625
0;14300;PINA_COLADAS;15169;37;15168;73;;;15171;37;15172;73;;;15170.0;70.5625
0;14300;BANANAS;4894;30;;;;;4900;30;;;;;4897.0;-89.5625
0;14300;COCONUTS;8090;202;;;;;8093;202;;;;;8091.5;1110.25
0;14300;PEARLS;9996;2;9995;28;;;10004;2;10005;28;;;10000.0;6.0
0;14400;BANANAS;4895;9;4894;23;;;4901;23;;;;;4898.0;-142.125
0;14400;COCONUTS;8090;160;;;;;8093;160;;;;;8091.5;1077.625
0;14400;PINA_COLADAS;15169;101;;;;;15172;34;15173;67;;;15170.5;32.125
0;14400;PEARLS;9998;9;9996;1;9995;22;10004;1;10005;22;;;10001.0;6.0
0;14500;COCONUTS;8091;67;8090;139;;;8093;206;;;;;8092.0;1039.125
0;14500;PEARLS;9996;1;9995;22;;;10000;2;10004;1;10005;22;9998.0;6.0
0;14500;PINA_COLADAS;15167;101;;;;;15170;27;15171;74;;;15168.5;120.5625
0;14500;BANANAS;4893;23;;;;;4894;1;4900;23;;;4893.5;-32.75
0;14600;COCONUTS;8090;192;;;;;8093;192;;;;;8091.5;1100.0
0;14600;PINA_COLADAS;15169;81;;;;;15172;30;15173;51;;;15170.5;31.3125
0;14600;PEARLS;9995;21;;;;;10002;3;10005;21;;;9998.5;6.0
0;14600;BANANAS;4893;21;;;;;4898;3;4900;21;;;4895.5;-32.375
0;14700;PINA_COLADAS;15171;96;;;;;15174;23;15175;73;;;15172.5;-61.375
0;14700;BANANAS;4894;5;4893;26;;;4900;26;;;;;4897.0;-15.375
0;14700;PEARLS;9998;5;9996;2;9995;24;10004;2;10005;24;;;10001.0;6.0
0;14700;COCONUTS;8090;150;;;;;8093;150;;;;;8091.5;1095.375
0;14800;BANANAS;4894;1;4893;21;;;4900;23;;;;;4897.0;-63.75
0;14800;PINA_COLADAS;15169;86;;;;;15172;86;;;;;15170.5;36.6875
0;14800;PEARLS;9996;2;9995;21;;;10004;2;10005;21;;;10000.0;6.0
0;14800;COCONUTS;8089;182;;;;;8092;182;;;;;8090.5;1242.3125
0;14900;PEARLS;9996;2;9995;28;;;10002;8;10004;2;10005;28;9999.0;6.0
0;14900;COCONUTS;8090;40;8089;202;;;8092;202;;;;;8091.0;1219.8125
0;14900;PINA_COLADAS;15167;111;;;;;15170;111;;;;;15168.5;133.9375
0;14900;BANANAS;4893;30;;;;;4898;8;4900;30;;;4895.5;-28.375
0;15000;PINA_COLADAS;15164;91;;;;;15167;37;15168;54;;;15165.5;260.0625
0;15000;PEARLS;9996;1;9995;22;;;10004;1;10005;22;;;10000.0;6.0
0;15000;COCONUTS;8088;203;;;;;8091;203;;;;;8089.5;1313.375
0;15000;BANANAS;4893;23;;;;;4894;1;4900;23;;;4893.5;-50.0625
0;15100;PINA_COLADAS;15163;108;;;;;15166;108;;;;;15164.5;310.5625
0;15100;BANANAS;4899;1;4894;26;;;4900;1;4901;25;;;4899.5;-119.4375
0;15100;PEARLS;10002;1;9996;1;9995;25;10004;1;10005;25;;;10003.0;6.0
0;15100;COCONUTS;8088;173;;;;;8091;173;;;;;8089.5;1302.6875
0;15200;BANANAS;4896;3;4894;5;4893;23;4900;25;;;;;4898.0;-76.8125
0;15200;PINA_COLADAS;15165;21;15164;54;;;15166;24;15168;75;;;15165.5;249.5
0;15200;PEARLS;9998;3;9996;2;9995;23;10000;4;10004;2;10005;23;9999.0;8.0
0;15200;COCONUTS;8089;185;;;;;8092;185;;;;;8090.5;1238.625
0;15300;PEARLS;9998;3;9996;2;9995;22;10004;2;10005;22;;;10001.0;8.0
0;15300;COCONUTS;8090;222;;;;;8093;222;;;;;8091.5;1072.625
0;15300;PINA_COLADAS;15168;110;;;;;15171;110;;;;;15169.5;91.3125
0;15300;BANANAS;4894;3;4893;24;;;4900;24;;;;;4897.0;-16.8125
0;15400;PINA_COLADAS;15165;27;15164;63;;;15167;27;15168;63;;;15166.0;250.25
0;15400;PEARLS;9996;2;9995;24;;;10002;4;10004;2;10005;24;9999.0;10.0
0;15400;COCONUTS;8090;69;8089;139;;;8092;208;;;;;8091.0;1166.0
0;15400;BANANAS;4893;26;;;;;4897;4;4899;26;;;4895.0;45.3125
0;15500;PINA_COLADAS;15160;91;;;;;15163;91;;;;;15161.5;460.625
0;15500;BANANAS;4898;1;4893;5;4892;20;4899;20;;;;;4898.5;52.125
0;15500;PEARLS;9998;5;9995;20;;;10005;20;;;;;10001.5;10.0
0;15500;COCONUTS;8088;45;8087;120;;;8090;165;;;;;8089.0;1412.125
0;15600;BANANAS;4892;24;;;;;4899;24;;;;;4895.5;117.6875
0;15600;PEARLS;9996;1;9995;23;;;10004;1;10005;23;;;10000.0;10.0
0;15600;COCONUTS;8088;228;;;;;8091;228;;;;;8089.5;1300.625
0;15600;PINA_COLADAS;15161;78;;;;;15164;78;;;;;15162.5;419.25
0;15700;COCONUTS;8089;69;8088;123;;;8091;192;;;;;8090.0;1281.875
0;15700;PINA_COLADAS;15161;109;;;;;15164;109;;;;;15162.5;417.75
0;15700;PEARLS;9996;2;9995;20;;;10004;2;10005;20;;;10000.0;10.0
0;15700;BANANAS;4892;22;;;;;4899;22;;;;;4895.5;85.0625
0;15800;COCONUTS;8089;209;;;;;8092;209;;;;;8090.5;1232.3125
0;15800;PINA_COLADAS;15163;37;15162;50;;;15165;37;15166;50;;;15164.0;345.1875
0;15800;PEARLS;9998;5;9996;2;9995;24;10004;2;10005;24;;;10001.0;2.0
0;15800;BANANAS;4893;9;4892;26;;;4899;26;;;;;4896.0;99.5
0;15900;PINA_COLADAS;15162;106;;;;;15163;20;15165;106;;;15162.5;377.0
0;15900;PEARLS;9998;10;9995;27;;;10005;27;;;;;10001.5;2.0
0;15900;BANANAS;4893;10;4892;27;;;4899;27;;;;;4896.0;85.3125
0;15900;COCONUTS;8089;226;;;;;8092;226;;;;;8090.5;1232.0625
0;16000;PEARLS;9996;2;9995;25;;;10002;7;10004;2;10005;25;9999.0;2.0
0;16000;BANANAS;4892;27;;;;;4897;7;4899;27;;;4894.5;91.125
0;16000;COCONUTS;8089;70;8088;203;;;8091;203;;;;;8090.0;1348.75
0;16000;PINA_COLADAS;15158;77;;;;;15161;22;15162;55;;;15159.5;548.0625
0;16100;COCONUTS;8088;194;;;;;8090;58;8091;136;;;8089.0;1384.6875
0;16100;PINA_COLADAS;15161;96;;;;;15164;96;;;;;15162.5;418.3125
0;16100;PEARLS;9998;4;9995;29;;;10005;29;;;;;10001.5;2.0
0;16100;BANANAS;4894;4;4893;29;;;4900;29;;;;;4897.0;-25.625
0;16200;COCONUTS;8088;51;8087;118;;;8090;51;8091;118;;;8089.0;1392.25
0;16200;PINA_COLADAS;15162;80;;;;;15165;80;;;;;15163.5;359.25
0;16200;PEARLS;9995;21;;;;;10005;21;;;;;10000.0;2.0
0;16200;BANANAS;4893;21;;;;;4894;1;4900;21;;;4893.5;-83.5625
0;16300;PINA_COLADAS;15162;85;;;;;15165;85;;;;;15163.5;360.125
0;16300;PEARLS;9996;2;9995;29;;;10002;2;10004;2;10005;29;9999.0;2.0
0;16300;BANANAS;4893;2;4892;29;;;4897;2;4899;31;;;4895.0;23.8125
0;16300;COCONUTS;8087;166;;;;;8090;166;;;;;8088.5;1451.75
0;16400;PEARLS;9996;2;9995;22;;;9998;1;10004;2;10005;22;9997.0;2.0
0;16400;BANANAS;4893;24;;;;;4899;2;4900;22;;;4896.0;-36.6875
0;16400;COCONUTS;8087;47;8086;114;;;8089;161;;;;;8088.0;1528.5
0;16400;PINA_COLADAS;15162;82;;;;;15165;82;;;;;15163.5;355.375
0;16500;COCONUTS;8087;156;;;;;8090;156;;;;;8088.5;1446.875
0;16500;PINA_COLADAS;15165;103;;;;;15168;103;;;;;15166.5;214.25
0;16500;PEARLS;9996;2;9995;25;;;10004;2;10005;25;;;10000.0;2.0
0;16500;BANANAS;4893;27;;;;;4900;27;;;;;4896.5;-47.125
0;16600;COCONUTS;8086;180;;;;;8089;180;;;;;8087.5;1549.5
0;16600;PINA_COLADAS;15163;32;15162;69;;;15165;32;15166;69;;;15164.0;346.375
0;16600;PEARLS;9996;2;9995;23;;;10004;2;10005;23;;;10000.0;2.0
0;16600;BANANAS;4893;25;;;;;4899;2;4900;23;;;4896.0;-14.4375
0;16700;PINA_COLADAS;15163;25;15162;60;;;15165;25;15166;60;;;15164.0;343.0
0;16700;PEARLS;10002;3;9996;1;9995;23;10004;1;10005;23;;;10003.0;2.0
0;16700;BANANAS;4893;23;;;;;4900;24;;;;;4896.5;-61.0
0;16700;COCONUTS;8086;157;;;;;8089;157;;;;;8087.5;1555.625
0;16800;PEARLS;9996;2;9995;30;;;10002;5;10004;2;10005;30;9999.0;2.0
0;16800;BANANAS;4893;32;;;;;4898;5;4900;32;;;4895.5;-96.6875
0;16800;COCONUTS;8086;179;;;;;8089;179;;;;;8087.5;1560.1875
0;16800;PINA_COLADAS;15162;92;;;;;15165;92;;;;;15163.5;366.8125
0;16900;PINA_COLADAS;15161;86;;;;;15164;86;;;;;15162.5;428.5
0;16900;PEARLS;9996;1;9995;23;;;10004;1;10005;23;;;10000.0;6.0
0;16900;COCONUTS;8086;46;8085;139;;;8088;185;;;;;8087.0;1640.25
0;16900;BANANAS;4894;1;4893;23;;;4900;24;;;;;4897.0;-116.1875
0;17000;PINA_COLADAS;15156;24;15155;73;;;15158;24;15159;73;;;15157.0;689.5625
0;17000;PEARLS;9995;23;;;;;10005;23;;;;;10000.0;6.0
0;17000;COCONUTS;8084;184;;;;;8087;184;;;;;8085.5;1834.125
0;17000;BANANAS;4893;23;;;;;4900;23;;;;;4896.5;-109.75
0;17100;PINA_COLADAS;15152;96;;;;;15155;32;15156;64;;;15153.5;841.875
0;17100;PEARLS;9998;6;9996;1;9995;30;10004;1;10005;30;;;10001.0;6.0
0;17100;COCONUTS;8083;192;;;;;8086;192;;;;;8084.5;1901.0625
0;17100;BANANAS;4894;6;4893;30;;;4900;31;;;;;4897.0;-106.1875
0;17200;PEARLS;9998;6;9996;2;9995;24;10004;2;10005;24;;;10001.0;6.0
0;17200;COCONUTS;8085;169;;;;;8088;169;;;;;8086.5;1723.875
0;17200;BANANAS;4894;6;4893;26;;;4900;26;;;;;4897.0;-86.25
0;17200;PINA_COLADAS;15156;22;15155;69;;;15159;91;;;;;15157.5;680.625
0;17300;PINA_COLADAS;15152;101;;;;;15155;30;15156;71;;;15153.5;842.5
0;17300;PEARLS;9995;28;;;;;9998;1;10002;3;10005;28;9996.5;6.0
0;17300;COCONUTS;8086;27;8085;206;;;8087;63;8088;143;;;8086.5;1737.3125
0;17300;BANANAS;4894;28;;;;;4895;2;4898;3;4900;28;4894.5;-140.375
0;17400;PINA_COLADAS;15151;79;;;;;15154;79;;;;;15152.5;900.8125
0;17400;PEARLS;9996;1;9995;24;;;10004;1;10005;24;;;10000.0;4.0
0;17400;COCONUTS;8084;165;;;;;8087;165;;;;;8085.5;1835.3125
0;17400;BANANAS;4893;25;;;;;4900;25;;;;;4896.5;-73.4375
0;17500;PINA_COLADAS;15154;35;15153;71;;;15156;35;15157;71;;;15155.0;787.375
0;17500;PEARLS;9996;1;9995;23;;;10004;1;10005;23;;;10000.0;4.0
0;17500;COCONUTS;8085;166;;;;;8088;166;;;;;8086.5;1713.6875
0;17500;BANANAS;4899;11;4894;24;;;4900;1;4901;23;;;4899.5;-175.9375
0;17600;PEARLS;9995;27;;;;;10005;27;;;;;10000.0;4.0
0;17600;COCONUTS;8085;205;;;;;8088;205;;;;;8086.5;1711.625
0;17600;BANANAS;4894;27;;;;;4901;27;;;;;4897.5;-261.9375
0;17600;PINA_COLADAS;15157;29;15156;56;;;15159;29;15160;56;;;15158.0;632.5625
0;17700;PINA_COLADAS;15158;36;15157;69;;;15159;29;15160;36;15161;69;15158.5;584.25
0;17700;PEARLS;9996;1;9995;23;;;10004;1;10005;23;;;10000.0;4.0
0;17700;COCONUTS;8086;63;8085;123;;;8088;186;;;;;8087.0;1641.25
0;17700;BANANAS;4894;24;;;;;4901;24;;;;;4897.5;-246.3125
0;17800;PINA_COLADAS;15158;110;;;;;15161;110;;;;;15159.5;557.5625
0;17800;PEARLS;9995;23;;;;;10005;23;;;;;10000.0;4.0
0;17800;COCONUTS;8086;184;;;;;8089;184;;;;;8087.5;1544.8125
0;17800;BANANAS;4894;23;;;;;4901;23;;;;;4897.5;-244.3125
0;17900;COCONUTS;8087;203;;;;;8090;203;;;;;8088.5;1481.25
0;17900;PINA_COLADAS;15159;36;15158;62;;;15161;36;15162;62;;;15160.0;535.3125
0;17900;PEARLS;9998;8;9996;1;9995;29;10004;1;10005;29;;;10001.0;4.0
0;17900;BANANAS;4895;9;4894;29;;;4901;30;;;;;4898.0;-263.125
0;18000;COCONUTS;8086;183;;;;;8089;183;;;;;8087.5;1541.25
0;18000;PEARLS;9998;7;9996;2;9995;26;10004;2;10005;26;;;10001.0;4.0
0;18000;BANANAS;4896;7;4895;28;;;4901;28;;;;;4898.5;-301.125
0;18000;PINA_COLADAS;15156;81;;;;;15159;81;;;;;15157.5;661.125
0;18100;COCONUTS;8086;191;;;;;8088;77;8089;114;;;8087.0;1626.3125
0;18100;PINA_COLADAS;15155;38;15154;56;;;15158;94;;;;;15156.5;728.5625
0;18100;PEARLS;9995;21;;;;;10005;21;;;;;10000.0;4.0
0;18100;BANANAS;4895;21;;;;;4902;21;;;;;4898.5;-311.0625
0;18200;PINA_COLADAS;15158;105;;;;;15161;105;;;;;15159.5;564.75
0;18200;COCONUTS;8086;183;;;;;8089;183;;;;;8087.5;1564.375
0;18200;PEARLS;9996;1;9995;23;;;10004;1;10005;23;;;10000.0;4.0
0;18200;BANANAS;4900;1;4895;1;4894;23;4901;24;;;;;4900.5;-278.625
0;18300;COCONUTS;8086;145;;;;;8089;145;;;;;8087.5;1582.8125
0;18300;PINA_COLADAS;15159;78;;;;;15162;78;;;;;15160.5;508.75
0;18300;PEARLS;9996;2;9995;27;;;10004;2;10005;27;;;10000.0;4.0
0;18300;BANANAS;4894;29;;;;;4901;29;;;;;4897.5;-218.8125
0;18400;COCONUTS;8087;173;;;;;8088;68;8089;54;8090;119;8087.5;1499.25
0;18400;PEARLS;9996;1;9995;29;;;10004;1;10005;29;;;10000.0;4.0
0;18400;BANANAS;4894;30;;;;;4900;1;4901;29;;;4897.0;-193.25
0;18400;PINA_COLADAS;15160;91;;;;;15163;91;;;;;15161.5;477.3125
0;18500;COCONUTS;8087;43;8086;134;;;8089;177;;;;;8088.0;1519.625
0;18500;PINA_COLADAS;15158;99;;;;;15161;99;;;;;15159.5;554.4375
0;18500;PEARLS;9998;3;9996;2;9995;30;10004;2;10005;30;;;10001.0;4.0
0;18500;BANANAS;4894;5;4893;30;;;4900;32;;;;;4897.0;-126.125
0;18600;PINA_COLADAS;15159;86;;;;;15162;86;;;;;15160.5;500.625
0;18600;COCONUTS;8087;195;;;;;8089;47;8090;148;;;8088.0;1493.5625
0;18600;PEARLS;9996;1;9995;30;;;10002;9;10004;1;10005;30;9999.0;6.0
0;18600;BANANAS;4894;1;4893;30;;;4898;10;4900;31;;;4896.0;-137.3125
0;18700;BANANAS;4894;27;;;;;4900;2;4901;25;;;4897.0;-171.375
0;18700;COCONUTS;8087;191;;;;;8090;191;;;;;8088.5;1475.8125
0;18700;PINA_COLADAS;15162;96;;;;;15165;96;;;;;15163.5;355.625
0;18700;PEARLS;10002;9;9996;2;9995;25;10004;2;10005;25;;;10003.0;6.0
0;18800;COCONUTS;8087;181;;;;;8090;181;;;;;8088.5;1416.6875
0;18800;PEARLS;9996;2;9995;22;;;10004;2;10005;22;;;10000.0;6.0
0;18800;BANANAS;4895;24;;;;;4901;24;;;;;4898.0;-291.25
0;18800;PINA_COLADAS;15164;84;;;;;15167;84;;;;;15165.5;269.0
0;18900;BANANAS;4894;28;;;;;4901;28;;;;;4897.5;-249.75
0;18900;COCONUTS;8088;202;;;;;8089;47;8090;66;8091;136;8088.5;1382.6875
0;18900;PINA_COLADAS;15164;97;;;;;15167;97;;;;;15165.5;281.1875
0;18900;PEARLS;9996;1;9995;27;;;10004;1;10005;27;;;10000.0;6.0
0;19000;PINA_COLADAS;15163;90;;;;;15166;90;;;;;15164.5;310.75
0;19000;COCONUTS;8087;192;;;;;8090;192;;;;;8088.5;1444.0
0;19000;PEARLS;9995;25;;;;;10002;7;10005;25;;;9998.5;10.0
0;19000;BANANAS;4894;24;;;;;4899;7;4901;25;;;4896.5;-197.6875
0;19100;BANANAS;4894;29;;;;;4900;1;4901;28;;;4897.0;-189.3125
0;19100;PINA_COLADAS;15168;84;;;;;15171;84;;;;;15169.5;62.5625
0;19100;PEARLS;9996;1;9995;28;;;10000;5;10004;1;10005;28;9998.0;10.0
0;19100;COCONUTS;8089;176;;;;;8092;176;;;;;8090.5;1218.75
0;19200;PEARLS;9996;1;9995;28;;;10002;7;10004;1;10005;28;9999.0;10.0
0;19200;COCONUTS;8089;152;;;;;8092;152;;;;;8090.5;1176.125
0;19200;BANANAS;4894;29;;;;;4899;7;4900;1;4901;28;4896.5;-168.8125
0;19200;PINA_COLADAS;15170;33;15169;91;;;15172;20;15173;71;;;15171.0;6.3125
0;19300;BANANAS;4894;2;4893;30;;;4900;32;;;;;4897.0;-125.1875
0;19300;PINA_COLADAS;15172;86;;;;;15175;24;15176;62;;;15173.5;-139.3125
0;19300;PEARLS;9996;2;9995;30;;;10004;2;10005;30;;;10000.0;10.0
0;19300;COCONUTS;8091;42;8090;193;;;8093;193;;;;;8092.0;1089.9375
0;19400;PINA_COLADAS;15176;91;;;;;15179;91;;;;;15177.5;-313.3125
0;19400;PEARLS;9996;1;9995;20;;;10002;3;10004;1;10005;20;9999.0;10.0
0;19400;COCONUTS;8091;185;;;;;8094;185;;;;;8092.5;953.1875
0;19400;BANANAS;4894;21;;;;;4899;3;4900;1;4901;20;4896.5;-168.125
0;19500;BANANAS;4894;22;;;;;4900;2;4901;20;;;4897.0;-182.0625
0;19500;PINA_COLADAS;15176;81;;;;;15179;29;15180;52;;;15177.5;-335.8125
0;19500;PEARLS;9996;2;9995;20;;;10004;2;10005;20;;;10000.0;10.0
0;19500;COCONUTS;8092;168;;;;;8095;168;;;;;8093.5;834.1875
0;19600;PEARLS;9996;2;9995;29;;;10004;2;10005;29;;;10000.0;10.0
0;19600;COCONUTS;8093;57;8092;131;;;8095;188;;;;;8094.0;810.875
0;19600;BANANAS;4894;31;;;;;4900;2;4901;29;;;4897.0;-173.6875
0;19600;PINA_COLADAS;15177;72;;;;;15178;11;15180;29;15181;72;15177.5;-419.0
0;19700;BANANAS;4894;1;4893;24;;;4898;2;4900;25;;;4896.0;-105.875
0;19700;PINA_COLADAS;15178;26;15177;69;;;15180;26;15181;69;;;15179.0;-438.625
0;19700;PEARLS;9996;1;9995;24;;;10002;2;10004;1;10005;24;9999.0;10.0
0;19700;COCONUTS;8093;71;8092;116;;;8095;187;;;;;8094.0;812.5625
0;19800;PINA_COLADAS;15180;85;;;;;15183;85;;;;;15181.5;-658.875
0;19800;PEARLS;10002;4;9995;20;;;10005;20;;;;;10003.5;10.0
0;19800;COCONUTS;8093;76;8092;119;;;8095;195;;;;;8094.0;799.375
0;19800;BANANAS;4893;20;;;;;4900;20;;;;;4896.5;-36.5
0;19900;BANANAS;4893;28;;;;;4899;1;4900;27;;;4896.0;-36.8125
0;19900;PINA_COLADAS;15183;84;;;;;15186;27;15187;57;;;15184.5;-948.375
0;19900;PEARLS;9996;1;9995;27;;;10004;1;10005;27;;;10000.0;10.0
0;19900;COCONUTS;8094;209;;;;;8097;209;;;;;8095.5;611.5
0;20000;PEARLS;9996;1;9995;28;;;10002;4;10004;1;10005;28;9999.0;10.0
0;20000;COCONUTS;8093;198;;;;;8096;198;;;;;8094.5;702.4375
0;20000;BANANAS;4893;29;;;;;4898;4;4899;1;4900;28;4895.5;-23.6875
0;20000;PINA_COLADAS;15183;35;15182;52;;;15186;87;;;;;15184.5;-891.125
0;20100;PEARLS;9998;9;9996;2;9995;29;10004;2;10005;29;;;10001.0;8.0
0;20100;BANANAS;4893;12;4892;29;;;4899;31;;;;;4896.0;47.625
0;20100;COCONUTS;8093;209;;;;;8095;65;8096;144;;;8094.0;771.9375
0;20100;PINA_COLADAS;15182;25;15181;62;;;15185;87;;;;;15183.5;-806.125
0;20200;PINA_COLADAS;15180;84;;;;;15183;84;;;;;15181.5;-652.625
0;20200;COCONUTS;8092;73;8091;109;;;8094;182;;;;;8093.0;920.0625
0;20200;PEARLS;9995;29;;;;;10005;29;;;;;10000.0;8.0
0;20200;BANANAS;4893;29;;;;;4900;29;;;;;4896.5;-7.9375
0;20300;PEARLS;9996;2;9995;21;;;10004;2;10005;21;;;10000.0;8.0
0;20300;BANANAS;4893;23;;;;;4899;23;;;;;4896.0;11.5625
0;20300;COCONUTS;8092;183;;;;;8095;183;;;;;8093.5;834.6875
0;20300;PINA_COLADAS;15181;90;;;;;15184;36;15185;54;;;15182.5;-773.875
0;20400;COCONUTS;8093;53;8092;101;;;8095;154;;;;;8094.0;809.625
0;20400;PEARLS;9995;24;;;;;10005;24;;;;;10000.0;8.0
0;20400;BANANAS;4892;24;;;;;4899;24;;;;;4895.5;-10.8125
0;20400;PINA_COLADAS;15182;33;15181;75;;;15184;33;15185;75;;;15183.0;-781.625
0;20500;PEARLS;9995;30;;;;;10005;30;;;;;10000.0;8.0
0;20500;BANANAS;4892;30;;;;;4899;30;;;;;4895.5;-13.8125
0;20500;COCONUTS;8094;70;8093;141;;;8096;70;8097;141;;;8095.0;673.125
0;20500;PINA_COLADAS;15186;100;;;;;15189;25;15190;75;;;15187.5;-1215.5
0;20600;PINA_COLADAS;15185;82;;;;;15188;82;;;;;15186.5;-1092.25
0;20600;COCONUTS;8093;156;;;;;8095;46;8096;110;;;8094.0;769.875
0;20600;PEARLS;9996;2;9995;21;;;10004;2;10005;21;;;10000.0;8.0
0;20600;BANANAS;4892;23;;;;;4899;23;;;;;4895.5;68.875
0;20700;PEARLS;9996;1;9995;30;;;10002;6;10004;1;10005;30;9999.0;12.0
0;20700;BANANAS;4892;31;;;;;4893;1;4897;6;4898;1;4892.5;106.625
0;20700;COCONUTS;8093;165;;;;;8096;165;;;;;8094.5;730.0
0;20700;PINA_COLADAS;15185;87;;;;;15188;87;;;;;15186.5;-1107.375
0;20800;COCONUTS;8093;162;;;;;8096;162;;;;;8094.5;702.5
0;20800;PEARLS;9996;2;9995;23;;;10004;2;10005;23;;;10000.0;12.0
0;20800;BANANAS;4896;1;4891;25;;;4898;25;;;;;4897.0;244.25
0;20800;PINA_COLADAS;15184;85;;;;;15187;85;;;;;15185.5;-1024.375
0;20900;PEARLS;9996;1;9995;23;;;10004;1;10005;23;;;10000.0;12.0
0;20900;BANANAS;4891;24;;;;;4898;24;;;;;4894.5;202.8125
0;20900;COCONUTS;8094;146;;;;;8097;146;;;;;8095.5;645.0
0;20900;PINA_COLADAS;15186;97;;;;;15189;97;;;;;15187.5;-1178.75
0;21000;PINA_COLADAS;15185;91;;;;;15188;91;;;;;15186.5;-1095.75
0;21000;COCONUTS;8093;177;;;;;8096;177;;;;;8094.5;708.4375
0;21000;PEARLS;9995;27;;;;;10005;27;;;;;10000.0;16.0
0;21000;BANANAS;4891;27;;;;;4892;3;4898;27;;;4891.5;252.1875
0;21100;PEARLS;9998;1;9996;2;9995;28;10004;2;10005;28;;;10001.0;16.0
0;21100;BANANAS;4891;3;4890;28;;;4897;30;;;;;4894.0;322.1875
0;21100;COCONUTS;8092;141;;;;;8095;170;;;;;8093.5;836.5
0;21100;PINA_COLADAS;15181;95;;;;;15184;95;;;;;15182.5;-765.875
0;21200;COCONUTS;8094;73;8093;206;;;8095;72;8096;134;;;8094.5;729.25
0;21200;PEARLS;9995;23;;;;;10005;23;;;;;10000.0;12.0
0;21200;BANANAS;4890;23;;;;;4897;23;;;;;4893.5;354.75
0;21200;PINA_COLADAS;15184;88;;;;;15187;29;15188;59;;;15185.5;-1036.125
0;21300;PEARLS;9995;29;;;;;10005;29;;;;;10000.0;12.0
0;21300;COCONUTS;8093;220;;;;;8096;220;;;;;8094.5;699.625
0;21300;BANANAS;4891;28;;;;;4897;29;;;;;4894.0;281.875
0;21300;PINA_COLADAS;15183;101;;;;;15186;101;;;;;15184.5;-903.375
0;21400;PINA_COLADAS;15186;34;15185;66;;;15188;34;15189;66;;;15187.0;-1139.5
0;21400;PEARLS;9995;30;;;;;10005;30;;;;;10000.0;12.0
0;21400;COCONUTS;8093;225;;;;;8094;55;8096;225;;;8093.5;643.75
0;21400;BANANAS;4891;30;;;;;4898;30;;;;;4894.5;254.9375
0;21500;PEARLS;9996;2;9995;22;;;10004;2;10005;22;;;10000.0;12.0
0;21500;COCONUTS;8092;55;8091;111;;;8094;166;;;;;8093.0;886.0
0;21500;BANANAS;4896;4;4892;2;4891;22;4898;24;;;;;4897.0;161.375
0;21500;PINA_COLADAS;15182;77;;;;;15185;77;;;;;15183.5;-812.125
0;21600;PEARLS;10002;1;9995;29;;;10005;29;;;;;10003.5;12.0
0;21600;COCONUTS;8092;165;;;;;8095;165;;;;;8093.5;823.75
0;21600;BANANAS;4895;2;4892;29;;;4899;29;;;;;4897.0;73.4375
0;21600;PINA_COLADAS;15182;95;;;;;15185;95;;;;;15183.5;-836.875
0;21700;PEARLS;9996;1;9995;30;;;10002;10;10004;1;10005;30;9999.0;14.0
0;21700;COCONUTS;8091;182;;;;;8094;182;;;;;8092.5;949.375
0;21700;BANANAS;4892;31;;;;;4897;10;4899;31;;;4894.5;55.5625
0;21700;PINA_COLADAS;15180;91;;;;;15183;91;;;;;15181.5;-662.25
0;21800;PINA_COLADAS;15184;83;;;;;15185;39;15187;83;;;15184.5;-993.75
0;21800;PEARLS;9998;6;9996;1;9995;28;10004;1;10005;28;;;10001.0;14.0
0;21800;COCONUTS;8092;73;8091;103;;;8094;176;;;;;8093.0;885.875
0;21800;BANANAS;4893;6;4892;28;;;4899;29;;;;;4896.0;-7.625
0;21900;PEARLS;9996;2;9995;28;;;10004;2;10005;28;;;10000.0;14.0
0;21900;COCONUTS;8092;194;;;;;8095;194;;;;;8093.5;823.375
0;21900;BANANAS;4893;2;4892;28;;;4899;30;;;;;4896.0;-0.8125
0;21900;PINA_COLADAS;15187;91;;;;;15190;91;;;;;15188.5;-1278.875
0;22000;PEARLS;9996;1;9995;23;;;10000;2;10004;1;10005;23;9998.0;10.0
0;22000;COCONUTS;8093;145;8092;100;;;8095;165;;;;;8094.0;745.875
0;22000;BANANAS;4891;23;;;;;4898;24;;;;;4894.5;145.25
0;22000;PINA_COLADAS;15189;40;15188;54;;;15192;94;;;;;15190.5;-1428.75
0;22100;PEARLS;9996;2;9995;23;;;10004;2;10005;23;;;10000.0;10.0
0;22100;COCONUTS;8092;163;;;;;8095;163;;;;;8093.5;847.25
0;22100;BANANAS;4892;24;;;;;4898;2;4899;23;;;4895.0;103.5
0;22100;PINA_COLADAS;15188;96;;;;;15191;32;15192;64;;;15189.5;-1396.0
0;22200;PINA_COLADAS;15188;35;15187;53;;;15190;35;15191;53;;;15189.0;-1329.5
0;22200;PEARLS;9996;1;9995;27;;;10002;4;10004;1;10005;27;9999.0;6.0
0;22200;COCONUTS;8091;195;;;;;8094;195;;;;;8092.5;979.125
0;22200;BANANAS;4892;28;;;;;4897;4;4898;1;4899;27;4894.5;84.25
0;22300;COCONUTS;8091;178;;;;;8094;178;;;;;8092.5;950.625
0;22300;PEARLS;9996;1;9995;29;;;10004;1;10005;29;;;10000.0;6.0
0;22300;BANANAS;4892;30;;;;;4898;30;;;;;4895.0;104.4375
0;22300;PINA_COLADAS;15189;25;15188;81;;;15191;27;15192;54;;;15190.0;-1397.75
0;22400;COCONUTS;8091;159;;;;;8092;67;8094;159;;;8091.5;966.0
0;22400;PINA_COLADAS;15189;108;;;;;15192;108;;;;;15190.5;-1467.0
0;22400;PEARLS;10002;2;9996;2;9995;24;10004;2;10005;24;;;10003.0;8.0
0;22400;BANANAS;4891;26;;;;;4898;26;;;;;4894.5;180.6875
0;22500;PINA_COLADAS;15193;28;15192;65;;;15195;28;15196;65;;;15194.0;-1770.125
0;22500;COCONUTS;8092;182;;;;;8095;182;;;;;8093.5;798.875
0;22500;PEARLS;10002;6;9995;27;;;10005;27;;;;;10003.5;12.0
0;22500;BANANAS;4891;27;;;;;4898;27;;;;;4894.5;167.0
0;22600;COCONUTS;8092;203;;;;;8095;203;;;;;8093.5;805.25
0;22600;PINA_COLADAS;15192;92;;;;;15195;92;;;;;15193.5;-1721.125
0;22600;PEARLS;9996;1;9995;26;;;10002;9;10004;1;10005;26;9999.0;24.0
0;22600;BANANAS;4891;27;;;;;4896;9;4897;1;4898;26;4893.5;238.5625
0;22700;COCONUTS;8092;194;;;;;8095;194;;;;;8093.5;828.375
0;22700;PEARLS;9995;28;;;;;10005;28;;;;;10000.0;24.0
0;22700;BANANAS;4891;28;;;;;4898;28;;;;;4894.5;190.25
0;22700;PINA_COLADAS;15193;36;15192;69;;;15195;36;15196;69;;;15194.0;-1774.0
0;22800;COCONUTS;8092;219;;;;;8095;219;;;;;8093.5;771.625
0;22800;PINA_COLADAS;15194;79;;;;;15197;79;;;;;15195.5;-1880.125
0;22800;PEARLS;9996;1;9995;29;;;9998;3;10004;1;10005;29;9997.0;24.0
0;22800;BANANAS;4892;1;4891;29;;;4898;30;;;;;4895.0;144.75
0;22900;PINA_COLADAS;15193;33;15192;73;;;15195;33;15196;73;;;15194.0;-1768.0
0;22900;COCONUTS;8092;41;8091;130;;;8094;171;;;;;8093.0;904.125
0;22900;PEARLS;9996;2;9995;24;;;9998;1;10004;2;10005;24;9997.0;24.0
0;22900;BANANAS;4892;2;4891;24;;;4898;26;;;;;4895.0;155.1875
0;23000;BANANAS;4892;3;4891;26;;;4897;2;4898;24;;;4894.5;256.1875
0;23000;COCONUTS;8091;192;;;;;8094;192;;;;;8092.5;945.5
0;23000;PINA_COLADAS;15192;90;;;;;15193;36;15195;22;15196;68;15192.5;-1748.25
0;23000;PEARLS;9998;3;9996;2;9995;24;10004;2;10005;24;;;10001.0;24.0
0;23100;COCONUTS;8092;64;8091;190;;;8094;190;;;;;8093.0;962.875
0;23100;PEARLS;9996;1;9995;23;;;10002;10;10004;1;10005;23;9999.0;24.0
0;23100;PINA_COLADAS;15191;80;;;;;15194;80;;;;;15192.5;-1650.875
0;23100;BANANAS;4891;24;;;;;4896;10;4897;1;4898;23;4893.5;252.875
0;23200;COCONUTS;8092;217;;;;;8095;217;;;;;8093.5;773.25
0;23200;PINA_COLADAS;15195;97;;;;;15198;39;15199;58;;;15196.5;-2021.0
0;23200;PEARLS;9995;26;;;;;9998;1;10002;10;10005;26;9996.5;24.0
0;23200;BANANAS;4891;26;;;;;4896;10;4898;26;;;4893.5;264.0
0;23300;PINA_COLADAS;15195;89;;;;;15198;89;;;;;15196.5;-1999.625
0;23300;BANANAS;4891;22;;;;;4897;22;;;;;4894.0;248.1875
0;23300;COCONUTS;8093;49;8092;147;;;8095;196;;;;;8094.0;759.625
0;23300;PEARLS;9995;22;;;;;10005;22;;;;;10000.0;22.0
0;23400;BANANAS;4892;6;4891;21;;;4898;21;;;;;4895.0;183.5625
0;23400;COCONUTS;8093;162;;;;;8096;162;;;;;8094.5;662.0
0;23400;PINA_COLADAS;15199;30;15198;60;;;15201;30;15202;60;;;15200.0;-2297.375
0;23400;PEARLS;9998;6;9995;21;;;10005;21;;;;;10001.5;22.0
0;23500;PEARLS;9996;2;9995;26;;;10004;2;10005;26;;;10000.0;22.0
0;23500;COCONUTS;8093;200;;;;;8095;60;8096;140;;;8094.0;718.875
0;23500;PINA_COLADAS;15198;97;;;;;15201;97;;;;;15199.5;-2281.625
0;23500;BANANAS;4894;2;4891;28;;;4898;28;;;;;4896.0;142.75
0;23600;PINA_COLADAS;15199;95;;;;;15202;21;15203;74;;;15200.5;-2379.25
0;23600;PEARLS;9995;21;;;;;10002;6;10005;21;;;9998.5;22.0
0;23600;COCONUTS;8093;163;;;;;8096;163;;;;;8094.5;646.375
0;23600;BANANAS;4890;21;;;;;4895;3;4897;21;;;4892.5;323.375
0;23700;PINA_COLADAS;15199;87;;;;;15202;87;;;;;15200.5;-2366.25
0;23700;BANANAS;4890;24;;;;;4897;24;;;;;4893.5;269.875
0;23700;PEARLS;9995;24;;;;;10005;24;;;;;10000.0;22.0
0;23700;COCONUTS;8093;71;8092;118;;;8095;189;;;;;8094.0;744.375
0;23800;BANANAS;4891;23;;;;;4897;2;4898;21;;;4894.0;198.25
0;23800;PINA_COLADAS;15202;23;15201;65;;;15204;23;15205;65;;;15203.0;-2575.75
0;23800;PEARLS;9996;2;9995;21;;;10004;2;10005;21;;;10000.0;22.0
0;23800;COCONUTS;8094;88;8093;134;;;8096;181;;;;;8095.0;600.875
0;23900;PEARLS;9995;20;;;;;10005;20;;;;;10000.0;22.0
0;23900;COCONUTS;8093;171;;;;;8095;44;8096;127;;;8094.0;711.375
0;23900;PINA_COLADAS;15202;83;;;;;15205;83;;;;;15203.5;-2587.625
0;23900;BANANAS;4896;1;4891;20;;;4897;20;;;;;4896.5;253.75
0;24000;PINA_COLADAS;15204;38;15203;59;;;15206;38;15207;59;;;15205.0;-2744.75
0;24000;PEARLS;9996;1;9995;22;;;10002;6;10004;1;10005;22;9999.0;22.0
0;24000;COCONUTS;8094;67;8093;139;;;8096;206;;;;;8095.0;594.625
0;24000;BANANAS;4891;1;4890;22;;;4895;6;4897;23;;;4893.0;264.875
0;24100;PINA_COLADAS;15200;100;;;;;15203;100;;;;;15201.5;-2455.625
0;24100;BANANAS;4890;26;;;;;4897;26;;;;;4893.5;330.625
0;24100;PEARLS;9996;2;9995;24;;;10004;2;10005;24;;;10000.0;22.0
0;24100;COCONUTS;8093;160;;;;;8096;160;;;;;8094.5;662.625
0;24200;BANANAS;4896;1;4892;5;4891;27;4897;27;;;;;4896.5;246.625
0;24200;PINA_COLADAS;15199;113;;;;;15202;113;;;;;15200.5;-2355.0
0;24200;PEARLS;9998;4;9996;2;9995;25;10004;2;10005;25;;;10001.0;20.0
0;24200;COCONUTS;8093;192;;;;;8096;192;;;;;8094.5;659.625
0;24300;PEARLS;10002;6;9996;2;9995;21;10004;2;10005;21;;;10003.0;20.0
0;24300;COCONUTS;8094;59;8093;122;;;8096;59;8097;122;;;8095.0;574.125
0;24300;PINA_COLADAS;15203;34;15202;59;;;15206;93;;;;;15204.5;-2676.0
0;24300;BANANAS;4891;2;4890;21;;;4897;23;;;;;4894.0;305.8125
0;24400;PINA_COLADAS;15203;71;;;;;15206;71;;;;;15204.5;-2714.875
0;24400;PEARLS;9995;25;;;;;10005;25;;;;;10000.0;32.0
0;24400;COCONUTS;8094;159;;;;;8097;159;;;;;8095.5;465.5
0;24400;BANANAS;4890;25;;;;;4897;25;;;;;4893.5;349.6875
0;24500;PINA_COLADAS;15203;113;;;;;15206;38;15207;75;;;15204.5;-2729.5
0;24500;PEARLS;9995;21;;;;;9998;2;10002;7;10005;21;9996.5;32.0
0;24500;BANANAS;4894;4;4890;21;;;4895;7;4897;21;;;4894.5;413.6875
0;24500;COCONUTS;8094;219;;;;;8097;219;;;;;8095.5;497.25
0;24600;PEARLS;9996;1;9995;26;;;10004;1;10005;26;;;10000.0;28.0
0;24600;BANANAS;4890;27;;;;;4896;27;;;;;4893.0;456.1875
0;24600;COCONUTS;8095;193;;;;;8098;193;;;;;8096.5;363.0
0;24600;PINA_COLADAS;15206;27;15205;53;;;15208;27;15209;53;;;15207.0;-2927.125
0;24700;COCONUTS;8096;62;8095;209;;;8098;209;;;;;8097.0;345.75
0;24700;PINA_COLADAS;15203;81;;;;;15206;81;;;;;15204.5;-2721.625
0;24700;PEARLS;9996;2;9995;20;;;10004;2;10005;20;;;10000.0;28.0
0;24700;BANANAS;4890;22;;;;;4896;2;4897;20;;;4893.0;412.4375
0;24800;COCONUTS;8095;158;;;;;8098;158;;;;;8096.5;378.0
0;24800;PINA_COLADAS;15202;106;;;;;15205;106;;;;;15203.5;-2628.375
0;24800;PEARLS;9996;2;9995;26;;;10004;2;10005;26;;;10000.0;32.0
0;24800;BANANAS;4889;28;;;;;4896;28;;;;;4892.5;538.625
0;24900;PINA_COLADAS;15203;90;;;;;15206;90;;;;;15204.5;-2686.375
0;24900;PEARLS;9998;5;9996;2;9995;28;10004;2;10005;28;;;10001.0;32.0
0;24900;BANANAS;4890;7;4889;28;;;4896;30;;;;;4893.0;512.4375
0;24900;COCONUTS;8096;62;8095;131;;;8098;193;;;;;8097.0;265.875
0;25000;PEARLS;9996;1;9995;26;;;10002;1;10004;1;10005;26;9999.0;32.0
0;25000;BANANAS;4889;27;;;;;4894;1;4896;27;;;4891.5;528.5
0;25000;COCONUTS;8097;62;8096;138;;;8099;200;;;;;8098.0;115.625
0;25000;PINA_COLADAS;15204;23;15203;72;;;15207;95;;;;;15205.5;-2754.625
0;25100;COCONUTS;8097;203;;;;;8099;68;8100;135;;;8098.0;77.25
0;25100;PINA_COLADAS;15203;97;;;;;15206;29;15207;68;;;15204.5;-2728.25
0;25100;PEARLS;9995;23;;;;;10005;23;;;;;10000.0;32.0
0;25100;BANANAS;4892;6;4889;23;;;4896;23;;;;;4894.0;528.5
0;25200;COCONUTS;8095;211;;;;;8098;211;;;;;8096.5;291.875
0;25200;PINA_COLADAS;15204;26;15203;81;;;15206;81;;;;;15205.0;-2708.25
0;25200;PEARLS;9996;2;9995;24;;;10004;2;10005;24;;;10000.0;42.0
0;25200;BANANAS;4890;25;;;;;4896;26;;;;;4893.0;436.125
0;25300;PINA_COLADAS;15201;101;;;;;15204;101;;;;;15202.5;-2534.25
0;25300;PEARLS;9996;2;9995;24;;;10002;1;10004;2;10005;24;9999.0;42.0
0;25300;BANANAS;4890;2;4889;24;;;4894;1;4896;26;;;4892.0;494.25
0;25300;COCONUTS;8095;177;;;;;8096;54;8098;177;;;8095.5;319.5
0;25400;PEARLS;9998;2;9996;2;9995;30;10004;2;10005;30;;;10001.0;38.0
0;25400;BANANAS;4890;2;4889;32;;;4896;32;;;;;4893.0;568.875
0;25400;COCONUTS;8094;161;;;;;8096;58;8097;103;;;8095.0;553.625
0;25400;PINA_COLADAS;15202;75;;;;;15205;75;;;;;15203.5;-2589.875
0;25500;COCONUTS;8095;172;;;;;8098;172;;;;;8096.5;377.375
0;25500;PINA_COLADAS;15205;92;;;;;15208;92;;;;;15206.5;-2871.75
0;25500;PEARLS;9998;3;9996;2;9995;23;10004;2;10005;23;;;10001.0;42.0
0;25500;BANANAS;4890;3;4889;25;;;4896;25;;;;;4893.0;571.0625
0;25600;COCONUTS;8095;201;;;;;8097;56;8098;145;;;8096.0;399.875
0;25600;PINA_COLADAS;15205;82;;;;;15208;82;;;;;15206.5;-2872.25
0;25600;PEARLS;9996;1;9995;30;;;10004;1;10005;30;;;10000.0;42.0
0;25600;BANANAS;4894;1;4889;31;;;4895;31;;;;;4894.5;647.75
0;25700;PINA_COLADAS;15206;29;15205;70;;;15208;29;15209;70;;;15207.0;-2923.875
0;25700;PEARLS;9996;1;9995;22;;;10004;1;10005;22;;;10000.0;42.0
0;25700;BANANAS;4889;23;;;;;4895;1;4896;22;;;4892.0;623.0625
0;25700;COCONUTS;8095;214;;;;;8098;214;;;;;8096.5;357.25
0;25800;PEARLS;9996;1;9995;27;;;10004;1;10005;27;;;10000.0;42.0
0;25800;COCONUTS;8095;163;;;;;8098;163;;;;;8096.5;325.375
0;25800;BANANAS;4889;28;;;;;4895;28;;;;;4892.0;640.4375
0;25800;PINA_COLADAS;15203;103;;;;;15206;103;;;;;15204.5;-2725.875
0;25900;PINA_COLADAS;15204;113;;;;;15207;113;;;;;15205.5;-2805.75
0;25900;PEARLS;9995;28;;;;;10005;28;;;;;10000.0;42.0
0;25900;COCONUTS;8096;190;;;;;8097;50;8099;190;;;8096.5;188.875
0;25900;BANANAS;4888;28;;;;;4895;28;;;;;4891.5;721.5625
0;26000;PINA_COLADAS;15205;105;;;;;15208;105;;;;;15206.5;-2857.375
0;26000;PEARLS;9995;24;;;;;10002;7;10005;24;;;9998.5;42.0
0;26000;COCONUTS;8096;216;;;;;8099;216;;;;;8097.5;178.75
0;26000;BANANAS;4888;24;;;;;4893;7;4895;24;;;4890.5;728.75
0;26100;PINA_COLADAS;15204;111;;;;;15207;111;;;;;15205.5;-2791.25
0;26100;PEARLS;9995;25;;;;;10002;7;10005;25;;;9998.5;42.0
0;26100;COCONUTS;8096;58;8095;124;;;8098;58;8099;124;;;8097.0;256.75
0;26100;BANANAS;4888;25;;;;;4893;7;4895;25;;;4890.5;703.8125
0;26200;PEARLS;9996;1;9995;25;;;10004;1;10005;25;;;10000.0;42.0
0;26200;COCONUTS;8096;221;;;;;8099;221;;;;;8097.5;204.375
0;26200;BANANAS;4888;26;;;;;4894;1;4895;25;;;4891.0;833.5625
0;26200;PINA_COLADAS;15206;78;;;;;15209;78;;;;;15207.5;-2991.125
0;26300;PINA_COLADAS;15208;96;;;;;15211;96;;;;;15209.5;-3131.0
0;26300;PEARLS;9995;24;;;;;10005;24;;;;;10000.0;42.0
0;26300;COCONUTS;8097;168;;;;;8099;54;8100;114;;;8098.0;71.75
0;26300;BANANAS;4888;24;;;;;4895;24;;;;;4891.5;753.75
0;26400;PINA_COLADAS;15210;97;;;;;15213;97;;;;;15211.5;-3354.125
0;26400;PEARLS;10002;3;9995;29;;;10005;29;;;;;10003.5;42.0
0;26400;COCONUTS;8098;69;8097;176;;;8100;176;;;;;8099.0;46.25
0;26400;BANANAS;4888;28;;;;;4895;29;;;;;4891.5;832.375
0;26500;PINA_COLADAS;15207;23;15206;62;;;15209;23;15210;62;;;15208.0;-3017.375
0;26500;PEARLS;9996;1;9995;23;;;10002;4;10004;1;10005;23;9999.0;42.0
0;26500;COCONUTS;8097;217;;;;;8100;217;;;;;8098.5;45.875
0;26500;BANANAS;4888;24;;;;;4893;3;4895;24;;;4890.5;763.0625
0;26600;PEARLS;10002;3;9998;1;9996;1;10004;1;10005;21;;;10003.0;46.0
0;26600;COCONUTS;8097;172;;;;;8100;172;;;;;8098.5;53.125
0;26600;BANANAS;4889;1;4888;22;;;4894;1;4895;21;;;4891.5;845.125
0;26600;PINA_COLADAS;15209;81;;;;;15212;25;15213;56;;;15210.5;-3278.125
0;26700;PEARLS;9995;24;;;;;10000;6;10005;24;;;9997.5;52.0
0;26700;COCONUTS;8097;195;;;;;8100;195;;;;;8098.5;33.5
0;26700;PINA_COLADAS;15213;34;15212;53;;;15215;34;15216;53;;;15214.0;-3558.125
0;26700;BANANAS;4888;24;;;;;4895;24;;;;;4891.5;847.0
0;26800;PINA_COLADAS;15214;100;;;;;15217;100;;;;;15215.5;-3703.75
0;26800;COCONUTS;8098;69;8097;224;;;8100;224;;;;;8099.0;16.875
0;26800;PEARLS;9995;24;;;;;10005;24;;;;;10000.0;52.0
0;26800;BANANAS;4888;24;;;;;4895;24;;;;;4891.5;844.3125
0;26900;COCONUTS;8098;156;;;;;8100;55;8101;101;;;8099.0;-89.875
0;26900;PINA_COLADAS;15217;36;15216;92;;;15219;21;15220;71;;;15218.0;-3915.75
0;26900;PEARLS;9995;27;;;;;9998;1;10002;5;10005;27;9996.5;52.0
0;26900;BANANAS;4888;27;;;;;4893;5;4895;27;;;4890.5;707.3125
0;27000;COCONUTS;8099;162;;;;;8102;162;;;;;8100.5;-302.625
0;27000;PEARLS;9996;1;9995;30;;;10002;7;10004;1;10005;30;9999.0;50.0
0;27000;BANANAS;4889;31;;;;;4894;7;4895;31;;;4891.5;638.75
0;27000;PINA_COLADAS;15218;92;;;;;15221;92;;;;;15219.5;-4052.375
0;27100;COCONUTS;8099;68;8098;126;;;8101;194;;;;;8100.0;-209.75
0;27100;PINA_COLADAS;15217;100;;;;;15220;100;;;;;15218.5;-3988.875
0;27100;PEARLS;9996;2;9995;22;;;10002;7;10004;2;10005;22;9999.0;50.0
0;27100;BANANAS;4889;2;4888;22;;;4893;7;4895;24;;;4891.0;677.8125
0;27200;PINA_COLADAS;15217;100;;;;;15220;100;;;;;15218.5;-3984.875
0;27200;COCONUTS;8099;71;8098;100;;;8101;171;;;;;8100.0;-209.0
0;27200;PEARLS;9998;2;9996;2;9995;29;10004;2;10005;29;;;10001.0;50.0
0;27200;BANANAS;4893;3;4890;2;4889;31;4895;31;;;;;4894.0;642.3125
0;27300;COCONUTS;8100;45;8099;137;;;8102;182;;;;;8101.0;-352.875
0;27300;PINA_COLADAS;15220;85;;;;;15223;85;;;;;15221.5;-4238.125
0;27300;PEARLS;10000;5;9996;2;9995;25;10004;2;10005;25;;;10002.0;50.0
0;27300;BANANAS;4889;27;;;;;4895;27;;;;;4892.0;651.625
0;27400;COCONUTS;8098;160;;;;;8101;160;;;;;8099.5;-137.5
0;27400;PEARLS;9996;1;9995;24;;;10004;1;10005;24;;;10000.0;50.0
0;27400;BANANAS;4889;25;;;;;4895;25;;;;;4892.0;657.875
0;27400;PINA_COLADAS;15218;20;15217;71;;;15220;20;15221;71;;;15219.0;-4020.75
0;27500;BANANAS;4888;26;;;;;4890;1;4893;10;4895;26;4889.0;721.5
0;27500;COCONUTS;8100;78;8099;125;;;8102;203;;;;;8101.0;-358.75
0;27500;PINA_COLADAS;15220;36;15219;55;;;15223;91;;;;;15221.5;-4221.625
0;27500;PEARLS;9996;2;9995;24;;;10002;10;10004;2;10005;24;9999.0;54.0
0;27600;PINA_COLADAS;15218;86;;;;;15221;86;;;;;15219.5;-4062.0
0;27600;COCONUTS;8100;193;;;;;8102;48;8103;145;;;8101.0;-399.125
0;27600;PEARLS;9996;1;9995;22;;;9998;1;10004;1;10005;22;9997.0;54.0
0;27600;BANANAS;4888;23;;;;;4895;23;;;;;4891.5;722.875
0;27700;BANANAS;4888;26;;;;;4895;26;;;;;4891.5;727.75
0;27700;COCONUTS;8101;64;8100;216;;;8103;216;;;;;8102.0;-483.125
0;27700;PINA_COLADAS;15218;37;15217;71;;;15220;37;15221;71;;;15219.0;-4022.5
0;27700;PEARLS;9996;2;9995;24;;;10004;2;10005;24;;;10000.0;52.0
0;27800;COCONUTS;8100;213;;;;;8103;213;;;;;8101.5;-451.75
0;27800;PEARLS;9995;28;;;;;10005;28;;;;;10000.0;28.0
0;27800;BANANAS;4888;28;;;;;4895;28;;;;;4891.5;832.75
0;27800;PINA_COLADAS;15218;92;;;;;15221;92;;;;;15219.5;-4091.125
0;27900;BANANAS;4888;26;;;;;4894;1;4895;25;;;4891.0;818.875
0;27900;COCONUTS;8101;162;;;;;8104;162;;;;;8102.5;-576.25
0;27900;PINA_COLADAS;15221;73;;;;;15224;73;;;;;15222.5;-4360.0
0;27900;PEARLS;9996;1;9995;25;;;9998;4;10004;1;10005;25;9997.0;28.0
0;28000;PINA_COLADAS;15221;27;15220;69;;;15223;27;15224;69;;;15222.0;-4292.25
0;28000;PEARLS;9995;24;;;;;10002;9;10005;24;;;9998.5;20.0
0;28000;COCONUTS;8101;172;;;;;8104;172;;;;;8102.5;-617.125
0;28000;BANANAS;4888;24;;;;;4893;9;4894;24;;;4890.5;866.0
0;28100;BANANAS;4888;22;;;;;4895;22;;;;;4891.5;768.75
0;28100;PINA_COLADAS;15223;34;15222;101;;;15225;101;;;;;15224.0;-4418.125
0;28100;PEARLS;9995;22;;;;;10005;22;;;;;10000.0;22.0
0;28100;COCONUTS;8101;210;;;;;8104;210;;;;;8102.5;-658.625
0;28200;PEARLS;9996;1;9995;29;;;10004;1;10005;29;;;10000.0;17.0
0;28200;COCONUTS;8101;154;;;;;8104;154;;;;;8102.5;-652.25
0;28200;BANANAS;4888;1;4887;29;;;4894;30;;;;;4891.0;931.75
0;28200;PINA_COLADAS;15223;22;15222;35;15221;53;15225;88;;;;;15224.0;-4402.75
0;28300;BANANAS;4888;24;;;;;4892;7;4894;24;;;4890.0;883.375
0;28300;PINA_COLADAS;15220;96;;;;;15223;40;15224;56;;;15221.5;-4275.25
0;28300;PEARLS;9996;1;9995;23;;;10002;7;10004;1;10005;23;9999.0;17.0
0;28300;COCONUTS;8101;184;;;;;8104;184;;;;;8102.5;-666.125
0;28400;PINA_COLADAS;15222;25;15221;64;;;15225;89;;;;;15223.5;-4395.875
0;28400;PEARLS;9995;21;;;;;10002;9;10005;21;;;9998.5;17.0
0;28400;COCONUTS;8101;5;8100;120;;;8103;175;;;;;8102.0;-555.375
0;28400;BANANAS;4887;21;;;;;4892;9;4894;21;;;4889.5;1003.625
0;28500;BANANAS;4892;1;4887;31;;;4894;31;;;;;4893.0;987.875
0;28500;PINA_COLADAS;15224;32;15223;55;;;15227;87;;;;;15225.5;-4578.5
0;28500;PEARLS;9996;1;9995;30;;;10004;1;10005;30;;;10000.0;17.0
0;28500;COCONUTS;8101;68;8100;103;;;8103;171;;;;;8102.0;-580.875
0;28600;PEARLS;9998;7;9996;2;9995;29;10004;2;10005;29;;;10001.0;17.0
0;28600;COCONUTS;8100;56;8099;112;;;8102;168;;;;;8101.0;-354.125
0;28600;BANANAS;4888;6;4887;31;;;4894;31;;;;;4891.0;989.25
0;28600;PINA_COLADAS;15219;103;;;;;15222;34;15223;69;;;15220.5;-4192.375
0;28700;BANANAS;4887;25;;;;;4893;1;4894;24;;;4890.0;1078.875
0;28700;PINA_COLADAS;15218;89;;;;;15221;35;15222;54;;;15219.5;-4101.125
0;28700;PEARLS;9996;1;9995;24;;;10004;1;10005;24;;;10000.0;17.0
0;28700;COCONUTS;8100;65;8099;137;;;8102;202;;;;;8101.0;-364.25
0;28800;PINA_COLADAS;15219;105;;;;;15222;33;15223;72;;;15220.5;-4190.625
0;28800;PEARLS;9996;2;9995;20;;;10004;2;10005;20;;;10000.0;-15.0
0;28800;COCONUTS;8102;65;8101;152;;;8103;40;8104;112;;;8102.5;-597.25
0;28800;BANANAS;4887;2;4886;20;;;4893;22;;;;;4890.0;1147.625
0;28900;BANANAS;4887;22;;;;;4894;22;;;;;4890.5;1075.125
0;28900;PEARLS;9995;22;;;;;10005;22;;;;;10000.0;-15.0
0;28900;COCONUTS;8101;196;;;;;8103;55;8104;141;;;8102.0;-592.625
0;28900;PINA_COLADAS;15218;38;15217;70;;;15221;108;;;;;15219.5;-4034.875
0;29000;COCONUTS;8101;213;;;;;8102;67;8104;213;;;8101.5;-716.25
0;29000;PEARLS;9995;24;;;;;10005;24;;;;;10000.0;-15.0
0;29000;BANANAS;4887;24;;;;;4894;24;;;;;4890.5;1043.25
0;29000;PINA_COLADAS;15223;87;;;;;15226;87;;;;;15224.5;-4495.375
0;29100;PEARLS;9998;9;9996;2;9995;29;10004;2;10005;29;;;10001.0;-10.0
0;29100;BANANAS;4888;9;4887;31;;;4893;2;4894;29;;;4890.5;1042.875
0;29100;COCONUTS;8101;226;;;;;8104;226;;;;;8102.5;-652.625
0;29100;PINA_COLADAS;15224;86;;;;;15227;24;15228;62;;;15225.5;-4649.125
0;29200;PINA_COLADAS;15220;77;;;;;15223;77;;;;;15221.5;-4223.375
0;29200;COCONUTS;8100;193;;;;;8102;64;8103;129;;;8101.0;-385.375
0;29200;PEARLS;9995;20;;;;;10002;3;10005;20;;;9998.5;-6.0
0;29200;BANANAS;4887;20;;;;;4892;4;4894;20;;;4889.5;975.375
0;29300;PEARLS;9995;25;;;;;10005;25;;;;;10000.0;-6.0
0;29300;BANANAS;4887;25;;;;;4888;1;4894;25;;;4887.5;923.125
0;29300;COCONUTS;8101;180;;;;;8104;180;;;;;8102.5;-694.25
0;29300;PINA_COLADAS;15220;22;15219;65;;;15222;22;15223;65;;;15221.0;-4206.75
0;29400;COCONUTS;8101;176;;;;;8104;176;;;;;8102.5;-657.375
0;29400;PEARLS;9996;1;9995;23;;;10004;1;10005;23;;;10000.0;-6.0
0;29400;BANANAS;4892;4;4888;1;4887;23;4894;24;;;;;4893.0;909.125
0;29400;PINA_COLADAS;15221;85;;;;;15224;85;;;;;15222.5;-4333.375
0;29500;PEARLS;10002;1;9996;2;9995;22;10004;2;10005;22;;;10003.0;-6.0
0;29500;BANANAS;4888;24;;;;;4894;24;;;;;4891.0;881.0
0;29500;COCONUTS;8101;116;8100;140;;;8103;216;;;;;8102.0;-571.625
0;29500;PINA_COLADAS;15223;91;;;;;15226;91;;;;;15224.5;-4496.375
0;29600;PINA_COLADAS;15222;24;15221;59;;;15224;24;15225;59;;;15223.0;-4380.625
0;29600;COCONUTS;8100;202;;;;;8102;64;8103;138;;;8101.0;-414.5
0;29600;PEARLS;9995;20;;;;;9998;1;10005;20;;;9996.5;-6.0
0;29600;BANANAS;4887;20;;;;;4894;20;;;;;4890.5;924.25
0;29700;PEARLS;9996;1;9995;26;;;10004;1;10005;26;;;10000.0;-6.0
0;29700;BANANAS;4888;27;;;;;4894;27;;;;;4891.0;893.375
0;29700;COCONUTS;8100;186;;;;;8103;186;;;;;8101.5;-478.5
0;29700;PINA_COLADAS;15222;85;;;;;15225;85;;;;;15223.5;-4422.875
0;29800;COCONUTS;8098;211;;;;;8101;211;;;;;8099.5;-115.25
0;29800;PEARLS;9998;7;9996;1;9995;29;10004;1;10005;29;;;10001.0;-6.0
0;29800;BANANAS;4888;7;4887;30;;;4894;30;;;;;4891.0;963.25
0;29800;PINA_COLADAS;15219;92;;;;;15222;92;;;;;15220.5;-4172.625
0;29900;PEARLS;9998;8;9996;1;9995;26;10000;2;10004;1;10005;26;9999.0;2.0
0;29900;BANANAS;4888;8;4887;27;;;4894;27;;;;;4891.0;966.625
0;29900;COCONUTS;8098;211;;;;;8100;76;8101;135;;;8099.0;6.0
0;29900;PINA_COLADAS;15219;26;15218;55;;;15222;81;;;;;15220.5;-4130.75
0;30000;PINA_COLADAS;15218;27;15217;61;;;15220;27;15221;61;;;15219.0;-4025.625
0;30000;COCONUTS;8097;203;;;;;8100;203;;;;;8098.5;137.125
0;30000;PEARLS;9996;1;9995;20;;;10002;7;10004;1;10005;20;9999.0;2.0
0;30000;BANANAS;4887;21;;;;;4892;6;4894;21;;;4889.5;977.875
0;30100;PEARLS;9995;22;;;;;10000;5;10005;22;;;9997.5;2.0
0;30100;BANANAS;4887;22;;;;;4894;22;;;;;4890.5;979.875
0;30100;COCONUTS;8099;191;;;;;8101;41;8102;150;;;8100.0;-190.0
0;30100;PINA_COLADAS;15222;24;15221;61;;;15224;24;15225;61;;;15223.0;-4386.125
0;30200;PEARLS;9996;2;9995;22;;;10004;2;10005;22;;;10000.0;2.0
0;30200;COCONUTS;8098;163;;;;;8101;163;;;;;8099.5;-86.375
0;30200;BANANAS;4887;24;;;;;4890;2;4894;24;;;4888.5;982.5
0;30200;PINA_COLADAS;15222;87;;;;;15225;87;;;;;15223.5;-4454.5
0;30300;PEARLS;9996;2;9995;28;;;10002;7;10004;2;10005;28;9999.0;2.0
0;30300;COCONUTS;8099;50;8098;101;;;8101;151;;;;;8100.0;-138.875
0;30300;BANANAS;4888;2;4887;28;;;4892;7;4894;30;;;4890.0;931.25
0;30300;PINA_COLADAS;15223;38;15222;29;15221;75;15225;104;;;;;15224.0;-4398.25
0;30400;PINA_COLADAS;15225;88;;;;;15228;88;;;;;15226.5;-4700.0
0;30400;PEARLS;9996;2;9995;21;;;10004;2;10005;21;;;10000.0;2.0
0;30400;COCONUTS;8099;175;;;;;8102;175;;;;;8100.5;-278.75
0;30400;BANANAS;4888;2;4887;21;;;4894;23;;;;;4891.0;926.75
0;30500;PEARLS;9996;1;9995;28;;;10004;1;10005;28;;;10000.0;2.0
0;30500;COCONUTS;8100;188;;;;;8102;45;8103;143;;;8101.0;-385.375
0;30500;BANANAS;4887;29;;;;;4893;1;4894;28;;;4890.0;1041.75
0;30500;PINA_COLADAS;15228;95;;;;;15231;22;15232;73;;;15229.5;-5005.125
0;30600;PEARLS;9995;30;;;;;10005;30;;;;;10000.0;2.0
0;30600;COCONUTS;8100;57;8099;132;;;8102;189;;;;;8101.0;-368.25
0;30600;BANANAS;4886;30;;;;;4893;30;;;;;4889.5;1137.125
0;30600;PINA_COLADAS;15228;4;15227;58;;;15230;26;15231;58;;;15229.0;-4949.625
0;30700;PEARLS;9996;1;9995;22;;;10004;1;10005;22;;;10000.0;2.0
0;30700;COCONUTS;8099;195;;;;;8102;195;;;;;8100.5;-254.5
0;30700;BANANAS;4891;3;4887;23;;;4893;23;;;;;4892.0;1108.25
0;30700;PINA_COLADAS;15226;109;;;;;15229;109;;;;;15227.5;-4758.375
0;30800;PINA_COLADAS;15226;87;;;;;15229;33;15230;54;;;15227.5;-4823.75
0;30800;PEARLS;9995;29;;;;;10005;29;;;;;10000.0;2.0
0;30800;COCONUTS;8099;151;;;;;8102;151;;;;;8100.5;-299.125
0;30800;BANANAS;4887;29;;;;;4893;29;;;;;4890.0;1124.75
0;30900;PEARLS;9998;2;9995;23;;;10005;23;;;;;10001.5;2.0
0;30900;COCONUTS;8100;190;;;;;8101;46;8103;190;;;8100.5;-431.5
0;30900;BANANAS;4887;2;4886;23;;;4893;23;;;;;4890.0;1163.0
0;30900;PINA_COLADAS;15227;84;;;;;15230;84;;;;;15228.5;-4868.5
0;31000;PEARLS;9995;20;;;;;10005;20;;;;;10000.0;2.0
0;31000;COCONUTS;8100;42;8099;150;;;8102;192;;;;;8101.0;-346.75
0;31000;BANANAS;4887;20;;;;;4894;20;;;;;4890.5;1102.375
0;31000;PINA_COLADAS;15225;74;;;;;15228;74;;;;;15226.5;-4681.875
0;31100;PEARLS;9996;1;9995;21;;;10004;1;10005;21;;;10000.0;2.0
0;31100;COCONUTS;8099;165;;;;;8102;165;;;;;8100.5;-219.75
0;31100;BANANAS;4887;22;;;;;4893;22;;;;;4890.0;1114.5
0;31100;PINA_COLADAS;15225;86;;;;;15228;86;;;;;15226.5;-4693.25
0;31200;COCONUTS;8097;203;;;;;8100;203;;;;;8098.5;98.25
0;31200;PINA_COLADAS;15224;22;15223;61;;;15225;29;15227;83;;;15224.5;-4516.0
0;31200;PEARLS;9996;2;9995;27;;;10004;2;10005;27;;;10000.0;2.0
0;31200;BANANAS;4887;1;4886;27;;;4893;29;;;;;4890.0;1144.0
0;31300;COCONUTS;8096;169;;;;;8099;169;;;;;8097.5;342.125
0;31300;PEARLS;9995;30;;;;;10005;30;;;;;10000.0;2.0
0;31300;BANANAS;4886;30;;;;;4893;30;;;;;4889.5;1141.0
0;31300;PINA_COLADAS;15222;88;;;;;15225;88;;;;;15223.5;-4319.75
0;31400;COCONUTS;8098;71;8097;111;;;8100;182;;;;;8099.0;66.75
0;31400;PINA_COLADAS;15223;97;;;;;15226;97;;;;;15224.5;-4453.125
0;31400;PEARLS;9996;2;9995;30;;;10004;2;10005;30;;;10000.0;2.0
0;31400;BANANAS;4887;32;;;;;4894;32;;;;;4890.5;1043.625
0;31500;PINA_COLADAS;15225;109;;;;;15228;35;15229;74;;;15226.5;-4710.0
0;31500;COCONUTS;8097;209;;;;;8100;209;;;;;8098.5;84.125
0;31500;PEARLS;9995;23;;;;;10005;23;;;;;10000.0;2.0
0;31500;BANANAS;4887;23;;;;;4888;1;4894;23;;;4887.5;969.875
0;31600;COCONUTS;8096;204;;;;;8099;204;;;;;8097.5;370.75
0;31600;PINA_COLADAS;15222;81;;;;;15225;81;;;;;15223.5;-4358.25
0;31600;PEARLS;9998;2;9996;2;9995;30;10004;2;10005;30;;;10001.0;2.0
0;31600;BANANAS;4889;2;4888;32;;;4894;32;;;;;4891.5;864.5
0;31700;COCONUTS;8094;189;;;;;8097;189;;;;;8095.5;821.125
0;31700;PEARLS;9995;29;;;;;9998;4;10002;2;10005;29;9996.5;2.0
0;31700;BANANAS;4887;29;;;;;4892;2;4894;29;;;4889.5;931.0
0;31700;PINA_COLADAS;15218;88;;;;;15221;88;;;;;15219.5;-3887.375
0;31800;COCONUTS;8095;204;;;;;8097;80;8098;124;;;8096.0;639.75
0;31800;PINA_COLADAS;15220;105;;;;;15223;105;;;;;15221.5;-4110.875
0;31800;PEARLS;9995;21;;;;;10005;21;;;;;10000.0;-6.0
0;31800;BANANAS;4887;21;;;;;4894;21;;;;;4890.5;966.625
0;31900;PINA_COLADAS;15222;30;15221;74;;;15225;104;;;;;15223.5;-4291.25
0;31900;BANANAS;4888;11;4887;27;;;4894;29;;;;;4891.0;897.75
0;31900;COCONUTS;8095;191;;;;;8097;44;8098;147;;;8096.0;648.875
0;31900;PEARLS;9998;9;9996;2;9995;27;10004;2;10005;27;;;10001.0;-6.0
0;32000;BANANAS;4887;30;;;;;4893;30;;;;;4890.0;1124.5
0;32000;COCONUTS;8095;171;;;;;8098;171;;;;;8096.5;574.0
0;32000;PINA_COLADAS;15222;87;;;;;15225;87;;;;;15223.5;-4342.625
0;32000;PEARLS;9996;1;9995;29;;;10000;3;10004;1;10005;29;9998.0;-4.0
0;32100;COCONUTS;8094;170;;;;;8097;170;;;;;8095.5;735.625
0;32100;PEARLS;9996;1;9995;30;;;10004;1;10005;30;;;10000.0;-4.0
0;32100;PINA_COLADAS;15222;28;15221;69;;;15224;28;15225;69;;;15223.0;-4279.875
0;32100;BANANAS;4887;31;;;;;4894;31;;;;;4890.5;1015.25
0;32200;COCONUTS;8094;63;8093;121;;;8096;184;;;;;8095.0;882.75
0;32200;PINA_COLADAS;15221;35;15220;73;;;15223;35;15224;73;;;15222.0;-4168.125
0;32200;PEARLS;9996;1;9995;25;;;10002;7;10004;1;10005;25;9999.0;-4.0
0;32200;BANANAS;4887;1;4886;25;;;4891;6;4893;26;;;4889.0;1175.25
0;32300;PINA_COLADAS;15224;28;15223;77;;;15226;77;;;;;15225.0;-4430.5
0;32300;BANANAS;4886;26;;;;;4891;7;4892;1;4893;25;4888.5;1314.125
0;32300;COCONUTS;8094;190;;;;;8096;67;8097;123;;;8095.0;841.5
0;32300;PEARLS;9996;1;9995;25;;;10002;6;10004;1;10005;25;9999.0;-2.0
0;32400;BANANAS;4886;1;4885;27;;;4890;1;4892;29;;;4888.0;1432.375
0;32400;PINA_COLADAS;15222;34;15221;74;;;15224;34;15225;74;;;15223.0;-4278.875
0;32400;PEARLS;9996;2;9995;27;;;10002;1;10004;2;10005;27;9999.0;-2.0
0;32400;COCONUTS;8094;163;;;;;8097;163;;;;;8095.5;814.375
0;32500;PEARLS;9996;2;9995;23;;;10004;2;10005;23;;;10000.0;-2.0
0;32500;COCONUTS;8093;214;;;;;8096;214;;;;;8094.5;932.375
0;32500;PINA_COLADAS;15220;111;;;;;15221;32;15223;111;;;15220.5;-4135.75
0;32500;BANANAS;4890;1;4885;25;;;4892;25;;;;;4891.0;1516.0
0;32600;PINA_COLADAS;15223;28;15222;59;;;15226;87;;;;;15224.5;-4407.125
0;32600;PEARLS;9995;30;;;;;10005;30;;;;;10000.0;-2.0
0;32600;COCONUTS;8094;178;;;;;8097;178;;;;;8095.5;780.25
0;32600;BANANAS;4885;30;;;;;4892;30;;;;;4888.5;1550.75
0;32700;PINA_COLADAS;15219;114;;;;;15222;114;;;;;15220.5;-3970.25
0;32700;BANANAS;4886;27;;;;;4892;27;;;;;4889.0;1370.875
0;32700;PEARLS;10002;1;9996;1;9995;26;10004;1;10005;26;;;10003.0;-2.0
0;32700;COCONUTS;8092;181;;;;;8095;181;;;;;8093.5;1245.25
0;32800;BANANAS;4885;23;;;;;4892;23;;;;;4888.5;1400.875
0;32800;PINA_COLADAS;15218;78;;;;;15221;21;15222;57;;;15219.5;-3913.5
0;32800;PEARLS;9995;23;;;;;10005;23;;;;;10000.0;0.0
0;32800;COCONUTS;8091;193;;;;;8094;193;;;;;8092.5;1444.0
0;32900;PEARLS;9996;1;9995;23;;;10002;1;10004;1;10005;23;9999.0;0.0
0;32900;COCONUTS;8091;192;;;;;8094;192;;;;;8092.5;1460.25
0;32900;PINA_COLADAS;15217;31;15216;75;;;15219;31;15220;75;;;15218.0;-3700.0
0;32900;BANANAS;4886;1;4885;23;;;4890;1;4892;24;;;4888.0;1403.625
0;33000;PINA_COLADAS;15217;23;15216;61;;;15219;23;15220;61;;;15218.0;-3701.0
0;33000;PEARLS;10002;1;9996;1;9995;27;10004;1;10005;27;;;10003.0;0.0
0;33000;COCONUTS;8091;180;;;;;8094;180;;;;;8092.5;1392.5
0;33000;BANANAS;4885;28;;;;;4892;28;;;;;4888.5;1442.375
0;33100;PINA_COLADAS;15219;28;15218;98;;;15221;98;;;;;15220.0;-3847.25
0;33100;BANANAS;4884;24;;;;;4891;24;;;;;4887.5;1666.625
0;33100;PEARLS;9995;24;;;;;10005;24;;;;;10000.0;0.0
0;33100;COCONUTS;8090;192;;;;;8093;192;;;;;8091.5;1599.625
0;33200;BANANAS;4884;25;;;;;4889;9;4891;25;;;4886.5;1775.375
0;33200;PINA_COLADAS;15222;6;15220;92;;;15223;92;;;;;15222.5;-4108.75
0;33200;PEARLS;9995;25;;;;;10002;9;10005;25;;;9998.5;0.0
0;33200;COCONUTS;8091;176;;;;;8094;176;;;;;8092.5;1359.25
0;33300;PEARLS;9996;2;9995;24;;;10002;7;10004;2;10005;24;9999.0;0.0
0;33300;COCONUTS;8092;114;8091;100;;;8094;170;;;;;8093.0;1296.25
0;33300;PINA_COLADAS;15222;80;;;;;15225;26;15226;54;;;15223.5;-4367.75
0;33300;BANANAS;4885;26;;;;;4890;7;4891;2;4892;24;4887.5;1535.375
0;33400;COCONUTS;8092;138;8091;132;;;8094;211;;;;;8093.0;1310.5
0;33400;PINA_COLADAS;15224;26;15223;94;;;15226;94;;;;;15225.0;-4441.125
0;33400;PEARLS;9995;27;;;;;10005;27;;;;;10000.0;0.0
0;33400;BANANAS;4885;27;;;;;4892;27;;;;;4888.5;1502.625
0;33500;PINA_COLADAS;15221;22;15220;70;;;15223;22;15224;70;;;15222.0;-4170.375
0;33500;PEARLS;9998;10;9995;25;;;10005;25;;;;;10001.5;0.0
0;33500;BANANAS;4886;10;4885;25;;;4892;25;;;;;4889.0;1414.5
0;33500;COCONUTS;8091;69;8090;132;;;8093;69;8094;132;;;8092.0;1492.375
0;33600;PEARLS;9995;27;;;;;10005;27;;;;;10000.0;0.0
0;33600;BANANAS;4884;27;;;;;4885;1;4891;27;;;4884.5;1647.125
0;33600;COCONUTS;8091;71;8090;142;;;8093;213;;;;;8092.0;1494.75
0;33600;PINA_COLADAS;15217;104;;;;;15220;104;;;;;15218.5;-3783.875
0;33700;COCONUTS;8090;197;;;;;8093;197;;;;;8091.5;1664.75
0;33700;PINA_COLADAS;15215;88;;;;;15218;88;;;;;15216.5;-3565.5
0;33700;PEARLS;9998;7;9996;1;9995;22;10004;1;10005;22;;;10001.0;-2.0
0;33700;BANANAS;4885;2;4884;22;;;4891;23;;;;;4888.0;1653.25
0;33800;COCONUTS;8089;195;;;;;8092;195;;;;;8090.5;1820.5
0;33800;PINA_COLADAS;15213;100;;;;;15216;100;;;;;15214.5;-3294.0
0;33800;PEARLS;10002;1;9995;26;;;10005;26;;;;;10003.5;-2.0
0;33800;BANANAS;4884;26;;;;;4891;26;;;;;4887.5;1672.875
0;33900;PINA_COLADAS;15213;91;;;;;15216;91;;;;;15214.5;-3308.375
0;33900;PEARLS;9995;24;;;;;10005;24;;;;;10000.0;0.0
0;33900;BANANAS;4884;24;;;;;4891;24;;;;;4887.5;1660.875
0;33900;COCONUTS;8089;186;;;;;8092;186;;;;;8090.5;1820.25
0;34000;PEARLS;10002;1;9996;1;9995;24;10004;1;10005;24;;;10003.0;10.0
0;34000;BANANAS;4889;1;4885;1;4884;24;4891;25;;;;;4890.0;1633.25
0;34000;COCONUTS;8089;201;;;;;8092;201;;;;;8090.5;1811.5
0;34000;PINA_COLADAS;15215;87;;;;;15218;87;;;;;15216.5;-3537.75
0;34100;COCONUTS;8089;213;;;;;8092;213;;;;;8090.5;1803.125
0;34100;PINA_COLADAS;15217;76;;;;;15220;76;;;;;15218.5;-3761.875
0;34100;PEARLS;9996;1;9995;26;;;10004;1;10005;26;;;10000.0;10.0
0;34100;BANANAS;4884;26;;;;;4885;7;4891;27;;;4884.5;1622.625
0;34200;COCONUTS;8090;183;;;;;8093;183;;;;;8091.5;1646.25
0;34200;PINA_COLADAS;15216;28;15215;69;;;15219;97;;;;;15217.5;-3608.0
0;34200;PEARLS;9996;1;9995;26;;;10004;1;10005;26;;;10000.0;10.0
0;34200;BANANAS;4885;1;4884;26;;;4891;27;;;;;4888.0;1613.5
0;34300;PINA_COLADAS;15213;32;15212;67;;;15215;32;15216;67;;;15214.0;-3257.875
0;34300;PEARLS;9996;2;9995;20;;;10004;2;10005;20;;;10000.0;-12.0
0;34300;BANANAS;4885;1;4884;20;;;4891;22;;;;;4888.0;1618.625
0;34300;COCONUTS;8089;199;;;;;8092;199;;;;;8090.5;1887.5
0;34400;PEARLS;9996;2;9995;23;;;10004;2;10005;23;;;10000.0;-12.0
0;34400;BANANAS;4884;24;;;;;4890;2;4891;23;;;4887.0;1769.875
0;34400;COCONUTS;8089;173;;;;;8091;69;8092;104;;;8090.0;1922.25
0;34400;PINA_COLADAS;15211;39;15210;72;;;15213;39;15214;72;;;15212.0;-3021.25
0;34500;COCONUTS;8088;159;;;;;8091;159;;;;;8089.5;1975.5
0;34500;PINA_COLADAS;15209;94;;;;;15212;94;;;;;15210.5;-2893.5
0;34500;PEARLS;9995;25;;;;;10002;2;10005;25;;;9998.5;-12.0
0;34500;BANANAS;4884;25;;;;;4889;2;4891;25;;;4886.5;1721.125
0;34600;PINA_COLADAS;15214;35;15213;56;;;15216;35;15217;56;;;15215.0;-3373.875
0;34600;PEARLS;9995;22;;;;;10005;22;;;;;10000.0;-12.0
0;34600;COCONUTS;8089;203;;;;;8092;203;;;;;8090.5;1884.375
0;34600;BANANAS;4884;22;;;;;4891;22;;;;;4887.5;1729.625
0;34700;PINA_COLADAS;15216;107;;;;;15219;107;;;;;15217.5;-3636.0
0;34700;PEARLS;9995;29;;;;;9998;5;10005;29;;;9996.5;-12.0
0;34700;COCONUTS;8090;210;;;;;8092;64;8093;146;;;8091.0;1671.375
0;34700;BANANAS;4884;29;;;;;4891;29;;;;;4887.5;1650.875
0;34800;PEARLS;10002;1;10000;2;9995;24;10005;24;;;;;10003.5;-22.0
0;34800;COCONUTS;8090;197;;;;;8093;197;;;;;8091.5;1645.875
0;34800;BANANAS;4884;24;;;;;4887;6;4891;24;;;4885.5;1619.375
0;34800;PINA_COLADAS;15215;30;15214;60;;;15218;90;;;;;15216.5;-3493.0
0;34900;PINA_COLADAS;15214;99;;;;;15217;99;;;;;15215.5;-3426.25
0;34900;PEARLS;9996;2;9995;22;;;10004;2;10005;22;;;10000.0;-20.0
0;34900;COCONUTS;8089;183;;;;;8092;183;;;;;8090.5;1847.75
0;34900;BANANAS;4884;23;;;;;4891;24;;;;;4887.5;1733.25
0;35000;PINA_COLADAS;15218;86;;;;;15221;86;;;;;15219.5;-3894.0
0;35000;PEARLS;9996;2;9995;20;;;10002;10;10004;2;10005;20;9999.0;-20.0
0;35000;COCONUTS;8090;153;;;;;8093;153;;;;;8091.5;1618.0
0;35000;BANANAS;4885;2;4884;20;;;4889;10;4891;22;;;4887.0;1605.0
0;35100;PINA_COLADAS;15221;31;15220;60;;;15224;91;;;;;15222.5;-4175.875
0;35100;PEARLS;9996;1;9995;25;;;10004;1;10005;25;;;10000.0;-20.0
0;35100;COCONUTS;8091;207;;;;;8092;73;8094;207;;;8091.5;1372.25
0;35100;BANANAS;4884;26;;;;;4890;26;;;;;4887.0;1813.875
0;35200;PEARLS;9995;24;;;;;10005;24;;;;;10000.0;-20.0
0;35200;COCONUTS;8092;64;8091;117;;;8094;64;8095;117;;;8093.0;1274.75
0;35200;BANANAS;4883;24;;;;;4884;1;4890;24;;;4883.5;1920.625
0;35200;PINA_COLADAS;15219;99;;;;;15222;99;;;;;15220.5;-4014.625
0;35300;PINA_COLADAS;15218;29;15217;78;;;15220;78;;;;;15219.0;-3747.625
0;35300;PEARLS;9998;9;9995;24;;;10005;24;;;;;10001.5;-20.0
0;35300;COCONUTS;8091;180;;;;;8094;180;;;;;8092.5;1419.25
0;35300;BANANAS;4884;9;4883;24;;;4890;24;;;;;4887.0;1902.125
0;35400;PINA_COLADAS;15218;21;15217;51;;;15220;21;15221;51;;;15219.0;-3819.625
0;35400;PEARLS;9995;22;;;;;10005;22;;;;;10000.0;-20.0
0;35400;COCONUTS;8091;206;;;;;8094;206;;;;;8092.5;1350.125
0;35400;BANANAS;4883;22;;;;;4890;22;;;;;4886.5;1920.5
0;35500;PINA_COLADAS;15218;94;;;;;15221;94;;;;;15219.5;-3871.625
0;35500;PEARLS;10002;5;9995;25;;;10005;25;;;;;10003.5;-20.0
0;35500;COCONUTS;8092;47;8091;168;;;8094;168;;;;;8093.0;1407.5
0;35500;BANANAS;4883;24;;;;;4890;25;;;;;4886.5;1976.875
0;35600;PEARLS;9998;10;9996;1;9995;26;10004;1;10005;26;;;10001.0;-20.0
0;35600;COCONUTS;8092;55;8091;145;;;8094;55;8095;145;;;8093.0;1273.375
0;35600;BANANAS;4884;9;4883;27;;;4889;27;;;;;4886.5;2076.25
0;35600;PINA_COLADAS;15220;96;;;;;15223;96;;;;;15221.5;-4077.75
0;35700;COCONUTS;8091;10;8090;144;;;8093;219;;;;;8092.0;1464.25
0;35700;PINA_COLADAS;15218;30;15217;51;;;15221;81;;;;;15219.5;-3832.625
0;35700;PEARLS;10002;1;9996;1;9995;26;10004;1;10005;26;;;10003.0;-18.0
0;35700;BANANAS;4883;27;;;;;4888;1;4889;1;4890;26;4885.5;2011.25
0;35800;PINA_COLADAS;15217;38;15216;70;;;15220;108;;;;;15218.5;-3727.5
0;35800;COCONUTS;8091;178;;;;;8092;41;8094;178;;;8091.5;1371.75
0;35800;PEARLS;9996;2;9995;28;;;10004;2;10005;28;;;10000.0;-16.0
0;35800;BANANAS;4883;30;;;;;4889;30;;;;;4886.0;2087.75
0;35900;COCONUTS;8090;183;;;;;8093;183;;;;;8091.5;1506.0
0;35900;PINA_COLADAS;15220;34;15219;63;;;15222;34;15223;63;;;15221.0;-4041.75
0;35900;PEARLS;9996;1;9995;29;;;10002;3;10004;1;10005;29;9999.0;-16.0
0;35900;BANANAS;4883;30;;;;;4884;4;4887;3;4889;30;4883.5;2081.125
0;36000;COCONUTS;8092;183;;;;;8094;78;8095;105;;;8093.0;1139.5
0;36000;PEARLS;9995;28;;;;;9998;1;10005;28;;;9996.5;-16.0
0;36000;BANANAS;4883;28;;;;;4890;28;;;;;4886.5;1982.25
0;36000;PINA_COLADAS;15221;24;15220;68;;;15223;24;15224;68;;;15222.0;-4163.125
0;36100;COCONUTS;8091;179;;;;;8094;179;;;;;8092.5;1360.25
0;36100;PINA_COLADAS;15217;79;;;;;15220;79;;;;;15218.5;-3768.375
0;36100;PEARLS;9995;26;;;;;9998;4;10005;26;;;9996.5;-18.0
0;36100;BANANAS;4883;26;;;;;4890;26;;;;;4886.5;1881.875
0;36200;PINA_COLADAS;15216;91;;;;;15219;91;;;;;15217.5;-3639.75
0;36200;COCONUTS;8090;165;;;;;8093;165;;;;;8091.5;1494.75
0;36200;PEARLS;9996;1;9995;29;;;10002;3;10004;1;10005;29;9999.0;-18.0
0;36200;BANANAS;4884;30;;;;;4889;3;4890;1;4891;29;4886.5;1735.25
0;36300;COCONUTS;8091;185;;;;;8093;76;8094;109;;;8092.0;1383.5
0;36300;PINA_COLADAS;15218;81;;;;;15221;22;15222;59;;;15219.5;-3922.75
0;36300;PEARLS;9995;22;;;;;9998;1;10005;22;;;9996.5;-18.0
0;36300;BANANAS;4884;21;;;;;4890;22;;;;;4887.0;1801.125
0;36400;COCONUTS;8091;202;;;;;8094;202;;;;;8092.5;1260.5
0;36400;PEARLS;9996;1;9995;27;;;10002;5;10004;1;10005;27;9999.0;-18.0
0;36400;BANANAS;4884;28;;;;;4888;5;4890;28;;;4886.0;1814.0
0;36400;PINA_COLADAS;15219;22;15218;74;;;15221;22;15222;74;;;15220.0;-3930.375
0;36500;BANANAS;4884;27;;;;;4889;10;4891;27;;;4886.5;1634.125
0;36500;COCONUTS;8091;182;;;;;8093;44;8094;138;;;8092.0;1398.0
0;36500;PINA_COLADAS;15216;107;;;;;15219;39;15220;68;;;15217.5;-3687.625
0;36500;PEARLS;9996;1;9995;26;;;10002;10;10004;1;10005;26;9999.0;-18.0
0;36600;PINA_COLADAS;15216;106;;;;;15219;106;;;;;15217.5;-3664.25
0;36600;COCONUTS;8091;202;;;;;8094;202;;;;;8092.5;1306.0
0;36600;PEARLS;10002;4;9998;1;9995;21;10005;21;;;;;10003.5;-22.0
0;36600;BANANAS;4885;1;4884;21;;;4891;21;;;;;4888.0;1565.25
0;36700;BANANAS;4889;11;4884;30;;;4891;30;;;;;4890.0;1558.375
0;36700;COCONUTS;8091;194;;;;;8094;194;;;;;8092.5;1224.75
0;36700;PINA_COLADAS;15217;27;15216;53;;;15220;80;;;;;15218.5;-3724.75
0;36700;PEARLS;10002;1;9995;30;;;10005;30;;;;;10003.5;-22.0
0;36800;COCONUTS;8093;53;8092;133;;;8095;186;;;;;8094.0;877.25
0;36800;PEARLS;10002;1;9996;1;9995;26;10004;1;10005;26;;;10003.0;-20.0
0;36800;BANANAS;4884;27;;;;;4887;2;4891;27;;;4885.5;1704.625
0;36800;PINA_COLADAS;15218;21;15217;51;;;15220;21;15221;51;;;15219.0;-3830.0
0;36900;BANANAS;4884;31;;;;;4889;3;4890;2;4891;29;4886.5;1727.875
0;36900;PINA_COLADAS;15214;31;15213;51;;;15216;31;15217;51;;;15215.0;-3375.875
0;36900;PEARLS;9996;2;9995;29;;;10002;3;10004;2;10005;29;9999.0;-18.0
0;36900;COCONUTS;8091;190;;;;;8094;190;;;;;8092.5;1231.25
0;37000;PINA_COLADAS;15216;80;;;;;15219;80;;;;;15217.5;-3665.25
0;37000;PEARLS;9998;4;9995;23;;;10005;23;;;;;10001.5;-18.0
0;37000;COCONUTS;8093;145;;;;;8095;43;8096;102;;;8094.0;815.0
0;37000;BANANAS;4886;2;4884;4;4883;23;4890;23;;;;;4888.0;1823.875
0;37100;BANANAS;4889;1;4884;24;;;4890;1;4891;23;;;4889.5;1727.625
0;37100;PINA_COLADAS;15215;29;15214;52;;;15218;81;;;;;15216.5;-3503.75
0;37100;PEARLS;9996;1;9995;23;;;10004;1;10005;23;;;10000.0;-18.0
0;37100;COCONUTS;8092;200;;;;;8095;200;;;;;8093.5;987.0
0;37200;PEARLS;9998;2;9995;22;;;10005;22;;;;;10001.5;-20.0
0;37200;COCONUTS;8092;183;;;;;8095;183;;;;;8093.5;951.75
0;37200;BANANAS;4885;3;4884;22;;;4891;22;;;;;4888.0;1703.875
0;37200;PINA_COLADAS;15213;80;;;;;15216;80;;;;;15214.5;-3330.0
0;37300;BANANAS;4883;27;;;;;4888;7;4890;27;;;4885.5;1928.5
0;37300;PINA_COLADAS;15213;89;;;;;15216;89;;;;;15214.5;-3314.875
0;37300;PEARLS;10002;5;9995;27;;;10005;27;;;;;10003.5;-6.0
0;37300;COCONUTS;8092;172;;;;;8095;172;;;;;8093.5;955.5
0;37400;PINA_COLADAS;15212;37;15211;95;;;15214;31;15215;64;;;15213.0;-3124.625
0;37400;PEARLS;9996;1;9995;22;;;10004;1;10005;22;;;10000.0;4.0
0;37400;COCONUTS;8092;168;;;;;8094;45;8095;123;;;8093.0;1092.75
0;37400;BANANAS;4883;23;;;;;4889;23;;;;;4886.0;2054.125
0;37500;BANANAS;4888;1;4883;2;4882;29;4889;29;;;;;4888.5;2113.375
0;37500;PINA_COLADAS;15212;21;15211;60;;;15214;21;15215;60;;;15213.0;-3134.625
0;37500;PEARLS;10002;1;9998;2;9995;29;10005;29;;;;;10003.5;4.0
0;37500;COCONUTS;8091;175;;;;;8094;175;;;;;8092.5;1339.25
0;37600;PEARLS;9996;2;9995;24;;;10004;2;10005;24;;;10000.0;4.0
0;37600;COCONUTS;8091;191;;;;;8094;191;;;;;8092.5;1324.75
0;37600;BANANAS;4883;26;;;;;4889;2;4890;24;;;4886.0;2048.375
0;37600;PINA_COLADAS;15211;35;15210;73;;;15213;35;15214;73;;;15212.0;-3025.75
0;37700;BANANAS;4888;1;4883;29;;;4889;1;4890;28;;;4888.5;2020.75
0;37700;PINA_COLADAS;15208;39;15207;68;;;15211;107;;;;;15209.5;-2714.625
0;37700;PEARLS;9996;1;9995;28;;;10004;1;10005;28;;;10000.0;4.0
0;37700;COCONUTS;8091;140;;;;;8093;40;8094;100;;;8092.0;1403.5
0;37800;PINA_COLADAS;15208;87;;;;;15211;87;;;;;15209.5;-2766.875
0;37800;PEARLS;9996;2;9995;27;;;10004;2;10005;27;;;10000.0;4.0
0;37800;COCONUTS;8092;40;8091;147;;;8094;187;;;;;8093.0;1196.25
0;37800;BANANAS;4883;29;;;;;4889;2;4890;27;;;4886.0;2033.75
0;37900;PEARLS;9996;2;9995;27;;;10000;3;10004;2;10005;27;9998.0;4.0
0;37900;BANANAS;4882;29;;;;;4884;2;4889;29;;;4883.0;2171.0
0;37900;COCONUTS;8092;177;;;;;8094;47;8095;130;;;8093.0;1093.25
0;37900;PINA_COLADAS;15210;36;15209;71;;;15212;36;15213;71;;;15211.0;-2927.25
0;38000;COCONUTS;8094;28;8092;176;;;8095;176;;;;;8094.5;973.25
0;38000;PEARLS;9995;25;;;;;10002;5;10005;25;;;9998.5;4.0
0;38000;BANANAS;4882;25;;;;;4887;5;4889;25;;;4884.5;2158.0
0;38000;PINA_COLADAS;15209;38;15208;56;;;15211;38;15212;56;;;15210.0;-2806.75
0;38100;PEARLS;9995;28;;;;;10005;28;;;;;10000.0;4.0
0;38100;BANANAS;4883;27;;;;;4890;28;;;;;4886.5;2015.875
0;38100;COCONUTS;8092;62;8091;100;;;8094;162;;;;;8093.0;1172.75
0;38100;PINA_COLADAS;15208;38;15207;52;;;15211;90;;;;;15209.5;-2709.875
0;38200;PINA_COLADAS;15209;85;;;;;15212;85;;;;;15210.5;-2867.875
0;38200;COCONUTS;8092;155;;;;;8095;155;;;;;8093.5;1030.0
0;38200;PEARLS;9995;23;;;;;9998;2;10005;23;;;9996.5;-6.0
0;38200;BANANAS;4884;5;4883;23;;;4890;23;;;;;4887.0;1971.125
0;38300;PEARLS;9996;1;9995;26;;;10004;1;10005;26;;;10000.0;-10.0
0;38300;BANANAS;4883;27;;;;;4890;27;;;;;4886.5;1917.25
0;38300;COCONUTS;8092;45;8091;122;;;8094;167;;;;;8093.0;1192.75
0;38300;PINA_COLADAS;15210;107;;;;;15213;107;;;;;15211.5;-2961.25
0;38400;COCONUTS;8092;60;8091;132;;;8094;192;;;;;8093.0;1197.0
0;38400;PEARLS;10002;1;9995;21;;;10005;21;;;;;10003.5;-10.0
0;38400;BANANAS;4883;20;;;;;4890;21;;;;;4886.5;1929.75
0;38400;PINA_COLADAS;15213;39;15212;28;15211;54;15215;82;;;;;15214.0;-3168.125
0;38500;PEARLS;10002;1;9996;2;9995;23;10004;2;10005;23;;;10003.0;-10.0
0;38500;BANANAS;4888;1;4883;25;;;4889;2;4890;23;;;4888.5;1964.75
0;38500;COCONUTS;8091;179;;;;;8094;179;;;;;8092.5;1274.5
0;38500;PINA_COLADAS;15209;96;;;;;15212;96;;;;;15210.5;-2875.25
0;38600;PINA_COLADAS;15210;92;;;;;15213;92;;;;;15211.5;-2947.625
0;38600;COCONUTS;8091;57;8090;128;;;8093;185;;;;;8092.0;1461.25
0;38600;PEARLS;10002;5;9995;27;;;10005;27;;;;;10003.5;-8.0
0;38600;BANANAS;4883;27;;;;;4890;27;;;;;4886.5;1937.5
0;38700;PEARLS;9996;1;9995;29;;;10004;1;10005;29;;;10000.0;2.0
0;38700;BANANAS;4884;30;;;;;4890;1;4891;29;;;4887.0;1692.25
0;38700;COCONUTS;8091;205;;;;;8094;205;;;;;8092.5;1283.5
0;38700;PINA_COLADAS;15217;29;15216;66;;;15219;29;15220;66;;;15218.0;-3707.375
0;38800;COCONUTS;8091;183;;;;;8094;183;;;;;8092.5;1247.5
0;38800;PEARLS;9995;27;;;;;10005;27;;;;;10000.0;2.0
0;38800;BANANAS;4884;27;;;;;4891;27;;;;;4887.5;1684.625
0;38800;PINA_COLADAS;15217;32;15216;55;;;15220;87;;;;;15218.5;-3723.125
0;38900;PEARLS;9996;1;9995;25;;;10004;1;10005;25;;;10000.0;10.0
0;38900;BANANAS;4884;26;;;;;4889;4;4891;26;;;4886.5;1652.75
0;38900;COCONUTS;8091;182;;;;;8093;68;8094;114;;;8092.0;1421.25
0;38900;PINA_COLADAS;15214;25;15213;73;;;15216;25;15217;73;;;15215.0;-3362.0
0;39000;PINA_COLADAS;15214;34;15213;64;;;15216;34;15217;64;;;15215.0;-3363.75
0;39000;COCONUTS;8091;176;;;;;8092;56;8094;176;;;8091.5;1245.5
0;39000;PEARLS;9995;29;;;;;10005;29;;;;;10000.0;10.0
0;39000;BANANAS;4884;29;;;;;4890;29;;;;;4887.0;1752.75
0;39100;PEARLS;9996;1;9995;29;;;10002;10;10004;1;10005;29;9999.0;10.0
0;39100;COCONUTS;8093;146;;;;;8095;46;8096;100;;;8094.0;814.0
0;39100;BANANAS;4884;1;4883;29;;;4888;10;4890;30;;;4886.0;1817.25
0;39100;PINA_COLADAS;15215;104;;;;;15218;104;;;;;15216.5;-3540.625
0;39200;PEARLS;9995;24;;;;;10005;24;;;;;10000.0;10.0
0;39200;COCONUTS;8093;181;;;;;8096;181;;;;;8094.5;739.75
0;39200;BANANAS;4888;1;4883;24;;;4889;24;;;;;4888.5;2046.0
0;39200;PINA_COLADAS;15217;87;;;;;15218;30;15220;87;;;15217.5;-3733.625
0;39300;PEARLS;9998;3;9996;1;9995;26;10004;1;10005;26;;;10001.0;10.0
0;39300;COCONUTS;8093;73;8092;125;;;8095;198;;;;;8094.0;885.75
0;39300;BANANAS;4884;3;4883;27;;;4889;1;4890;26;;;4886.5;1967.25
0;39300;PINA_COLADAS;15215;104;;;;;15218;104;;;;;15216.5;-3513.875
0;39400;PINA_COLADAS;15218;28;15217;56;;;15220;28;15221;56;;;15219.0;-3825.25
0;39400;PEARLS;9996;2;9995;27;;;10004;2;10005;27;;;10000.0;10.0
0;39400;COCONUTS;8094;151;;;;;8097;151;;;;;8095.5;520.25
0;39400;BANANAS;4884;29;;;;;4891;29;;;;;4887.5;1651.875
0;39500;PEARLS;9996;2;9995;20;;;10004;2;10005;20;;;10000.0;14.0
0;39500;COCONUTS;8094;206;;;;;8096;65;8097;141;;;8095.0;570.25
0;39500;BANANAS;4884;22;;;;;4890;2;4891;20;;;4887.0;1714.625
0;39500;PINA_COLADAS;15215;95;;;;;15218;95;;;;;15216.5;-3522.125
0;39600;PEARLS;9995;22;;;;;10005;22;;;;;10000.0;14.0
0;39600;COCONUTS;8094;183;;;;;8097;183;;;;;8095.5;458.75
0;39600;BANANAS;4884;22;;;;;4890;22;;;;;4887.0;1763.5
0;39600;PINA_COLADAS;15218;31;15217;89;;;15220;89;;;;;15219.0;-3764.125
0;39700;PEARLS;9995;20;;;;;10005;20;;;;;10000.0;24.0
0;39700;COCONUTS;8094;203;;;;;8096;64;8097;139;;;8095.0;562.75
0;39700;BANANAS;4883;20;;;;;4890;20;;;;;4886.5;1958.0
