day;timestamp;product;bid_price_1;bid_volume_1;bid_price_2;bid_volume_2;bid_price_3;bid_volume_3;ask_price_1;ask_volume_1;ask_price_2;ask_volume_2;ask_price_3;ask_volume_3;mid_price;profit_and_loss
1;0;PINA_COLADAS;15013;34;15012;54;;;15016;88;;;;;15014.5;0.0
1;0;BANANAS;4871;9;4870;23;;;4877;23;;;;;4874.0;0.0
1;0;COCONUTS;8003;200;;;;;8006;200;;;;;8004.5;0.0
1;0;PEARLS;9998;9;9995;23;;;10005;23;;;;;10001.5;0.0
1;100;BANANAS;4875;1;4871;4;4870;22;4877;22;;;;;4876.0;0.0
1;100;COCONUTS;8003;44;8002;104;;;8005;148;;;;;8004.0;0.0
1;100;PINA_COLADAS;15012;35;15011;29;15010;52;15013;29;15014;52;;;15012.5;0.0
1;100;PEARLS;10002;1;10000;2;9998;4;10004;1;10005;21;;;10003.0;0.0
1;200;BANANAS;4870;22;;;;;4876;22;;;;;4873.0;1.96630859375
1;200;PEARLS;9996;1;9995;21;;;10004;1;10005;21;;;10000.0;2.0
1;200;COCONUTS;8003;195;;;;;8005;62;8006;133;;;8004.0;0.0
1;200;PINA_COLADAS;15015;35;15014;74;;;15018;109;;;;;15016.5;0.0
1;300;BANANAS;4873;1;4868;26;;;4875;26;;;;;4874.0;8.0634765625
1;300;PINA_COLADAS;15014;94;;;;;15017;94;;;;;15015.5;0.0
1;300;PEARLS;9995;26;;;;;10005;26;;;;;10000.0;6.0
1;300;COCONUTS;8004;51;8003;149;;;8006;200;;;;;8005.0;0.0
1;400;PINA_COLADAS;15012;111;;;;;15015;111;;;;;15013.5;0.0
1;400;BANANAS;4870;8;4869;28;;;4871;5;4875;28;;;4870.5;8.017578125
1;400;PEARLS;9998;8;9996;2;9995;26;10004;2;10005;26;;;10001.0;6.0
1;400;COCONUTS;8002;166;;;;;8005;166;;;;;8003.5;0.0
1;500;BANANAS;4874;1;4870;8;4869;24;4875;1;4876;23;;;4874.5;2.046875
1;500;PINA_COLADAS;15008;86;;;;;15011;36;15012;50;;;15009.5;0.0
1;500;PEARLS;9998;8;9996;1;9995;23;10004;1;10005;23;;;10001.0;6.0
1;500;COCONUTS;8001;156;;;;;8004;156;;;;;8002.5;0.0
1;600;BANANAS;4868;30;;;;;4875;30;;;;;4871.5;8.20703125
1;600;PEARLS;9996;2;9995;28;;;10004;2;10005;28;;;10000.0;6.0
1;600;COCONUTS;8000;206;;;;;8002;65;8003;141;;;8001.0;0.0
1;600;PINA_COLADAS;15006;100;;;;;15009;100;;;;;15007.5;0.0
1;700;BANANAS;4868;23;;;;;4869;1;4875;23;;;4868.5;9.2109375
1;700;PINA_COLADAS;15007;89;;;;;15010;89;;;;;15008.5;0.0
1;700;PEARLS;9996;1;9995;22;;;10004;1;10005;22;;;10000.0;6.0
1;700;COCONUTS;8000;108;7999;125;;;8002;190;;;;;8001.0;0.0
1;800;PINA_COLADAS;15009;22;15008;54;;;15011;22;15012;54;;;15010.0;0.0
1;800;PEARLS;9996;1;9995;24;;;10000;3;10004;1;10005;24;9998.0;6.0
1;800;COCONUTS;7999;162;;;;;8002;162;;;;;8000.5;0.0
1;800;BANANAS;4871;1;4869;1;4868;24;4875;25;;;;;4873.0;5.8515625
1;900;BANANAS;4869;1;4868;20;;;4875;21;;;;;4872.0;7.0234375
1;900;PINA_COLADAS;15005;102;;;;;15008;35;15009;67;;;15006.5;0.0
1;900;PEARLS;9996;1;9995;20;;;9998;11;10004;1;10005;20;9997.0;2.0
1;900;COCONUTS;7999;72;7998;116;;;8001;188;;;;;8000.0;0.0
1;1000;PEARLS;9996;1;9995;30;;;10004;1;10005;30;;;10000.0;2.0
1;1000;COCONUTS;7999;178;;;;;8002;178;;;;;8000.5;0.0
1;1000;BANANAS;4868;31;;;;;4875;31;;;;;4871.5;9.5625
1;1000;PINA_COLADAS;15007;30;15006;65;;;15009;30;15010;65;;;15008.0;0.0
1;1100;BANANAS;4868;22;;;;;4873;6;4875;22;;;4870.5;43.8828125
1;1100;PEARLS;9996;1;9995;21;;;10002;6;10004;1;10005;21;9999.0;2.0
1;1100;COCONUTS;7999;158;;;;;8002;158;;;;;8000.5;0.0
1;1100;PINA_COLADAS;15004;25;15003;75;;;15006;25;15007;75;;;15005.0;0.0
1;1200;PINA_COLADAS;15003;91;;;;;15006;91;;;;;15004.5;0.0
1;1200;PEARLS;9996;1;9995;22;;;10004;1;10005;22;;;10000.0;2.0
1;1200;COCONUTS;8000;175;;;;;8003;175;;;;;8001.5;0.0
1;1200;BANANAS;4868;22;;;;;4874;1;4875;22;;;4871.0;46.328125
1;1300;BANANAS;4867;25;;;;;4874;25;;;;;4870.5;53.234375
1;1300;COCONUTS;7998;164;;;;;8001;164;;;;;7999.5;0.0
1;1300;PEARLS;10002;1;9995;25;;;10005;25;;;;;10003.5;2.0
1;1300;PINA_COLADAS;14998;89;;;;;15001;89;;;;;14999.5;0.0
1;1400;COCONUTS;7997;194;;;;;8000;194;;;;;7998.5;0.0
1;1400;PEARLS;9995;23;;;;;10000;6;10005;23;;;9997.5;4.0
1;1400;BANANAS;4868;23;;;;;4875;23;;;;;4871.5;32.3984375
1;1400;PINA_COLADAS;14997;27;14996;62;;;14999;27;15000;62;;;14998.0;0.0
1;1500;BANANAS;4874;1;4869;21;;;4875;21;;;;;4874.5;30.84375
1;1500;COCONUTS;7997;178;;;;;7999;74;8000;104;;;7998.0;0.0
1;1500;PEARLS;9996;1;9995;20;;;9998;4;10004;1;10005;20;9997.0;4.0
1;1500;PINA_COLADAS;14997;108;;;;;15000;108;;;;;14998.5;0.0
1;1600;PINA_COLADAS;15000;21;14999;58;;;15002;21;15003;58;;;15001.0;0.0
1;1600;COCONUTS;7997;172;;;;;8000;172;;;;;7998.5;0.0
1;1600;PEARLS;9996;2;9995;28;;;10004;2;10005;28;;;10000.0;-4.0
1;1600;BANANAS;4869;2;4868;28;;;4875;30;;;;;4872.0;37.0390625
1;1700;BANANAS;4868;28;;;;;4870;2;4875;28;;;4869.0;43.6328125
1;1700;COCONUTS;7998;176;;;;;8000;69;8001;107;;;7999.0;0.0
1;1700;PEARLS;9995;28;;;;;10005;28;;;;;10000.0;-4.0
1;1700;PINA_COLADAS;14999;32;14998;61;;;15001;32;15002;61;;;15000.0;0.0
1;1800;COCONUTS;7997;175;;;;;8000;175;;;;;7998.5;0.0
1;1800;PEARLS;10000;4;9995;23;;;10002;10;10005;23;;;10001.0;-4.0
1;1800;BANANAS;4868;23;;;;;4872;10;4874;23;;;4870.0;51.4375
1;1800;PINA_COLADAS;14997;78;;;;;15000;78;;;;;14998.5;0.0
1;1900;BANANAS;4868;31;;;;;4874;32;;;;;4871.0;48.4765625
1;1900;COCONUTS;7996;219;;;;;7999;219;;;;;7997.5;0.0
1;1900;PEARLS;9996;2;9995;30;;;10004;2;10005;30;;;10000.0;-4.0
1;1900;PINA_COLADAS;14998;48;14997;69;;;15000;28;15001;69;;;14999.0;-11.90625
1;2000;PINA_COLADAS;14998;104;;;;;15001;104;;;;;14999.5;-19.921875
1;2000;COCONUTS;7997;198;;;;;7999;55;8000;143;;;7998.0;0.0
1;2000;PEARLS;9996;2;9995;21;;;10004;2;10005;21;;;10000.0;-4.0
1;2000;BANANAS;4868;23;;;;;4875;23;;;;;4871.5;33.265625
1;2100;BANANAS;4868;28;;;;;4875;28;;;;;4871.5;34.2421875
1;2100;COCONUTS;7998;4;7997;148;;;8000;205;;;;;7999.0;-45.6875
1;2100;PEARLS;9996;2;9995;26;;;10004;2;10005;26;;;10000.0;-4.0
1;2100;PINA_COLADAS;14999;79;;;;;15002;79;;;;;15000.5;-30.03125
1;2200;COCONUTS;7999;62;7998;140;;;8001;202;;;;;8000.0;-100.75
1;2200;PEARLS;9996;1;9995;20;;;9998;4;10004;1;10005;20;9997.0;-4.0
1;2200;BANANAS;4868;21;;;;;4875;21;;;;;4871.5;32.703125
1;2200;PINA_COLADAS;14999;88;;;;;15002;88;;;;;15000.5;-31.953125
1;2300;PEARLS;9996;2;9995;22;;;10004;2;10005;22;;;10000.0;-4.0
1;2300;BANANAS;4868;24;;;;;4871;1;4874;2;4875;22;4869.5;42.984375
1;2300;COCONUTS;7998;154;;;;;8001;154;;;;;7999.5;-92.84375
1;2300;PINA_COLADAS;15001;23;15000;54;;;15003;23;15004;54;;;15002.0;-51.453125
1;2400;PINA_COLADAS;15002;93;;;;;15005;93;;;;;15003.5;-67.6875
1;2400;COCONUTS;7999;158;;;;;8001;53;8002;105;;;8000.0;-116.0
1;2400;PEARLS;9996;2;9995;20;;;10004;2;10005;20;;;10000.0;-4.0
1;2400;BANANAS;4868;22;;;;;4874;2;4875;20;;;4871.0;46.8515625
1;2500;PEARLS;9998;3;9996;2;9995;21;10004;2;10005;21;;;10001.0;-4.0
1;2500;BANANAS;4868;5;4867;21;;;4874;23;;;;;4871.0;51.0625
1;2500;PINA_COLADAS;15000;31;14999;72;;;15003;103;;;;;15001.5;-40.859375
1;2500;COCONUTS;7998;59;7997;131;;;8000;190;;;;;7999.0;-47.5625
1;2600;COCONUTS;7999;77;7998;126;;;8001;203;;;;;8000.0;-101.875
1;2600;PEARLS;10002;1;9996;1;9995;29;10004;1;10005;29;;;10003.0;4.0
1;2600;BANANAS;4867;30;;;;;4872;4;4874;30;;;4869.5;60.6328125
1;2600;PINA_COLADAS;15001;91;;;;;15004;91;;;;;15002.5;-61.703125
1;2700;PEARLS;9998;7;9996;2;9995;21;10004;2;10005;21;;;10001.0;6.0
1;2700;BANANAS;4868;7;4867;23;;;4874;23;;;;;4871.0;73.75
1;2700;PINA_COLADAS;15000;96;;;;;15003;96;;;;;15001.5;-47.296875
1;2700;COCONUTS;7998;146;;;;;7999;73;8001;146;;;7998.5;-87.5625
1;2800;PINA_COLADAS;15004;33;15003;51;;;15006;33;15007;51;;;15005.0;-92.234375
1;2800;COCONUTS;8000;184;;;;;8003;184;;;;;8001.5;-170.75
1;2800;PEARLS;9995;27;;;;;10005;27;;;;;10000.0;6.0
1;2800;BANANAS;4868;27;;;;;4875;27;;;;;4871.5;50.859375
1;2900;PEARLS;9996;2;9995;20;;;10004;2;10005;20;;;10000.0;6.0
1;2900;BANANAS;4869;2;4868;20;;;4875;22;;;;;4872.0;31.1875
1;2900;PINA_COLADAS;15006;33;15005;66;;;15008;33;15009;66;;;15007.0;-115.796875
1;2900;COCONUTS;8000;152;;;;;8003;152;;;;;8001.5;-196.46875
1;3000;COCONUTS;8000;188;;;;;8003;188;;;;;8001.5;-198.75
1;3000;BANANAS;4874;1;4869;30;;;4876;30;;;;;4875.0;13.5625
1;3000;PEARLS;9996;1;9995;29;;;10004;1;10005;29;;;10000.0;6.0
1;3000;PINA_COLADAS;15008;91;;;;;15011;91;;;;;15009.5;-147.03125
1;3100;BANANAS;4870;6;4869;28;;;4875;1;4876;27;;;4872.5;19.890625
1;3100;PEARLS;9998;5;9996;1;9995;27;10004;1;10005;27;;;10001.0;4.0
1;3100;PINA_COLADAS;15008;31;15007;66;;;15011;97;;;;;15009.5;-144.515625
1;3100;COCONUTS;8000;164;;;;;8003;164;;;;;8001.5;-184.53125
1;3200;PINA_COLADAS;15008;36;15007;56;;;15010;36;15011;56;;;15009.0;-143.3125
1;3200;COCONUTS;8001;73;8000;100;;;8003;173;;;;;8002.0;-205.375
1;3200;BANANAS;4869;24;;;;;4876;24;;;;;4872.5;12.625
1;3200;PEARLS;10002;2;9995;24;;;10005;24;;;;;10003.5;14.0
1;3300;BANANAS;4869;1;4868;24;;;4875;25;;;;;4872.0;30.1875
1;3300;PEARLS;10002;1;9996;1;9995;24;10004;1;10005;24;;;10003.0;14.0
1;3300;COCONUTS;8000;191;;;;;8003;191;;;;;8001.5;-191.0
1;3300;PINA_COLADAS;15007;91;;;;;15010;91;;;;;15008.5;-136.125
1;3400;COCONUTS;8000;207;;;;;8003;207;;;;;8001.5;-196.71875
1;3400;PEARLS;9998;10;9996;2;9995;27;10004;2;10005;27;;;10001.0;16.0
1;3400;BANANAS;4870;10;4869;29;;;4876;29;;;;;4873.0;7.578125
1;3400;PINA_COLADAS;15007;27;15006;63;;;15010;90;;;;;15008.5;-131.96875
1;3500;PEARLS;9995;26;;;;;10002;10;10005;26;;;9998.5;16.0
1;3500;BANANAS;4872;4;4869;26;;;4874;10;4876;26;;;4873.0;14.09375
1;3500;COCONUTS;7999;178;;;;;8000;51;8002;178;;;7999.5;-135.4375
1;3500;PINA_COLADAS;15007;105;;;;;15010;105;;;;;15008.5;-135.265625
1;3600;PINA_COLADAS;15008;33;15007;57;;;15010;33;15011;57;;;15009.0;-142.625
1;3600;PEARLS;9995;27;;;;;10002;8;10005;27;;;9998.5;16.0
1;3600;BANANAS;4869;27;;;;;4874;8;4876;27;;;4871.5;58.5625
1;3600;COCONUTS;8000;186;;;;;8002;65;8003;121;;;8001.0;-162.875
1;3700;PEARLS;9998;3;9995;25;;;10005;25;;;;;10001.5;14.0
1;3700;BANANAS;4870;4;4869;25;;;4876;25;;;;;4873.0;38.0
1;3700;COCONUTS;7999;191;;;;;8002;191;;;;;8000.5;-141.09375
1;3700;PINA_COLADAS;15008;98;;;;;15011;98;;;;;15009.5;-145.65625
1;3800;PEARLS;9995;24;;;;;10005;24;;;;;10000.0;14.0
1;3800;BANANAS;4869;24;;;;;4876;24;;;;;4872.5;27.84375
1;3800;COCONUTS;7998;160;;;;;8001;160;;;;;7999.5;-92.375
1;3800;PINA_COLADAS;15005;96;;;;;15008;96;;;;;15006.5;-110.46875
1;3900;PEARLS;9996;2;9995;24;;;10004;2;10005;24;;;10000.0;14.0
1;3900;BANANAS;4870;26;;;;;4876;26;;;;;4873.0;11.25
1;3900;COCONUTS;7998;198;;;;;8001;198;;;;;7999.5;-67.21875
1;3900;PINA_COLADAS;15005;22;15004;58;;;15008;80;;;;;15006.5;-105.34375
1;4000;PINA_COLADAS;15004;91;;;;;15007;91;;;;;15005.5;-97.546875
1;4000;PEARLS;10002;1;9996;1;9995;30;10004;1;10005;30;;;10003.0;14.0
1;4000;BANANAS;4870;31;;;;;4871;1;4877;31;;;4870.5;-10.53125
1;4000;COCONUTS;7999;24;7997;198;;;8000;198;;;;;7999.5;-37.3125
1;4100;PEARLS;10000;5;9996;2;9995;22;10002;4;10004;2;10005;22;10001.0;14.0
1;4100;BANANAS;4870;24;;;;;4875;4;4877;24;;;4872.5;-8.015625
1;4100;COCONUTS;7998;210;;;;;8000;67;8001;143;;;7999.0;-56.34375
1;4100;PINA_COLADAS;15005;27;15004;50;;;15007;27;15008;50;;;15006.0;-103.078125
1;4200;PEARLS;10002;5;9996;1;9995;28;10004;1;10005;28;;;10003.0;14.0
1;4200;BANANAS;4870;29;;;;;4876;1;4877;28;;;4873.0;3.1875
1;4200;COCONUTS;7997;191;;;;;8000;191;;;;;7998.5;-23.40625
1;4200;PINA_COLADAS;15004;29;15003;68;;;15007;97;;;;;15005.5;-92.875
1;4300;PEARLS;9995;26;;;;;10002;8;10005;26;;;9998.5;24.0
1;4300;BANANAS;4869;26;;;;;4874;8;4876;26;;;4871.5;54.15625
1;4300;COCONUTS;7998;76;7997;138;;;8000;214;;;;;7999.0;-46.46875
1;4300;PINA_COLADAS;15007;107;;;;;15010;107;;;;;15008.5;-135.515625
1;4400;PEARLS;9995;28;;;;;10005;28;;;;;10000.0;24.0
1;4400;BANANAS;4870;28;;;;;4877;28;;;;;4873.5;11.125
1;4400;COCONUTS;7999;14;7998;185;;;8000;44;8001;141;;;7999.5;-56.5625
1;4400;PINA_COLADAS;15007;77;;;;;15010;77;;;;;15008.5;-139.59375
1;4500;BANANAS;4871;26;;;;;4877;26;;;;;4874.0;-27.3125
1;4500;COCONUTS;7997;214;;;;;7999;78;8000;136;;;7998.0;-8.1875
1;4500;PEARLS;9995;26;;;;;10005;26;;;;;10000.0;24.0
1;4500;PINA_COLADAS;15005;90;;;;;15008;90;;;;;15006.5;-108.40625
1;4600;BANANAS;4870;21;;;;;4877;21;;;;;4873.5;-10.46875
1;4600;PINA_COLADAS;15005;30;15004;53;;;15007;30;15008;53;;;15006.0;-104.0
1;4600;PEARLS;9995;21;;;;;10005;21;;;;;10000.0;24.0
1;4600;COCONUTS;7996;182;;;;;7998;70;7999;112;;;7997.0;51.3125
1;4700;PINA_COLADAS;15007;32;15006;58;;;15009;32;15010;58;;;15008.0;-130.765625
1;4700;BANANAS;4872;5;4871;26;;;4878;26;;;;;4875.0;-76.90625
1;4700;PEARLS;9998;5;9995;26;;;10005;26;;;;;10001.5;24.0
1;4700;COCONUTS;7996;199;;;;;7999;199;;;;;7997.5;28.8125
1;4800;BANANAS;4876;1;4871;23;;;4877;23;;;;;4876.5;-26.3125
1;4800;PINA_COLADAS;15004;27;15003;69;;;15006;27;15007;69;;;15005.0;-91.390625
1;4800;PEARLS;9996;1;9995;22;;;10004;1;10005;22;;;10000.0;24.0
1;4800;COCONUTS;7994;179;;;;;7997;179;;;;;7995.5;148.09375
1;4900;BANANAS;4871;24;;;;;4878;24;;;;;4874.5;-47.9375
1;4900;PEARLS;9996;2;9995;22;;;10004;2;10005;22;;;10000.0;24.0
1;4900;COCONUTS;7994;187;;;;;7996;65;7997;122;;;7995.0;155.34375
1;4900;PINA_COLADAS;15004;34;15003;75;;;15006;34;15007;75;;;15005.0;-92.171875
1;5000;BANANAS;4872;10;4871;30;;;4878;31;;;;;4875.0;-97.65625
1;5000;PINA_COLADAS;15002;83;;;;;15005;83;;;;;15003.5;-70.59375
1;5000;PEARLS;9998;9;9996;1;9995;30;10004;1;10005;30;;;10001.0;24.0
1;5000;COCONUTS;7995;191;;;;;7997;62;7998;129;;;7996.0;102.75
1;5100;PINA_COLADAS;15003;36;15002;69;;;15005;36;15006;69;;;15004.0;-78.09375
1;5100;BANANAS;4871;26;;;;;4878;26;;;;;4874.5;-78.84375
1;5100;PEARLS;9995;26;;;;;10005;26;;;;;10000.0;24.0
1;5100;COCONUTS;7995;170;;;;;7998;170;;;;;7996.5;87.9375
1;5200;BANANAS;4872;9;4871;23;;;4878;25;;;;;4875.0;-103.21875
1;5200;PINA_COLADAS;15001;96;;;;;15004;96;;;;;15002.5;-61.4375
1;5200;PEARLS;10000;5;9998;7;9996;2;10004;2;10005;23;;;10002.0;24.0
1;5200;COCONUTS;7994;171;;;;;7996;64;7997;107;;;7995.0;155.5
1;5300;PEARLS;9995;22;;;;;9998;12;10005;22;;;9996.5;24.0
1;5300;COCONUTS;7993;200;;;;;7996;200;;;;;7994.5;181.78125
1;5300;PINA_COLADAS;15000;32;14999;63;;;15001;37;15002;32;15003;63;15000.5;-39.203125
1;5300;BANANAS;4872;22;;;;;4879;22;;;;;4875.5;-125.4375
1;5400;PINA_COLADAS;15003;34;15002;53;;;15005;34;15006;53;;;15004.0;-77.390625
1;5400;PEARLS;9995;30;;;;;10005;30;;;;;10000.0;24.0
1;5400;COCONUTS;7994;170;;;;;7997;170;;;;;7995.5;116.75
1;5400;BANANAS;4872;30;;;;;4879;30;;;;;4875.5;-116.1875
1;5500;PINA_COLADAS;15003;107;;;;;15006;107;;;;;15004.5;-83.734375
1;5500;BANANAS;4872;29;;;;;4879;29;;;;;4875.5;-87.28125
1;5500;PEARLS;9996;1;9995;28;;;10004;1;10005;28;;;10000.0;29.0
1;5500;COCONUTS;7995;196;;;;;7998;196;;;;;7996.5;64.53125
1;5600;BANANAS;4873;2;4872;25;;;4879;25;;;;;4876.0;-83.15625
1;5600;PEARLS;9998;2;9996;2;9995;23;10004;2;10005;23;;;10001.0;33.0
1;5600;COCONUTS;7996;169;;;;;7999;169;;;;;7997.5;17.5
1;5600;PINA_COLADAS;15003;86;;;;;15006;86;;;;;15004.5;-84.328125
1;5700;COCONUTS;7996;69;7995;120;;;7998;189;;;;;7997.0;57.59375
1;5700;PEARLS;9996;1;9995;30;;;10004;1;10005;30;;;10000.0;33.0
1;5700;PINA_COLADAS;15001;28;15000;51;;;15004;79;;;;;15002.5;-54.0
1;5700;BANANAS;4877;4;4873;1;4872;30;4879;31;;;;;4878.0;-119.5625
1;5800;COCONUTS;7994;193;;;;;7997;193;;;;;7995.5;122.8125
1;5800;PEARLS;9996;2;9995;28;;;10004;2;10005;28;;;10000.0;33.0
1;5800;PINA_COLADAS;14999;33;14998;37;14997;69;15000;37;15001;69;;;14999.5;-14.1875
1;5800;BANANAS;4872;30;;;;;4875;2;4879;30;;;4873.5;-90.4375
1;5900;PINA_COLADAS;14998;105;;;;;15001;105;;;;;14999.5;-22.15625
1;5900;BANANAS;4872;23;;;;;4878;2;4879;21;;;4875.0;-69.25
1;5900;COCONUTS;7994;168;;;;;7996;61;7997;107;;;7995.0;158.03125
1;5900;PEARLS;9996;2;9995;21;;;10004;2;10005;21;;;10000.0;33.0
1;6000;BANANAS;4872;30;;;;;4877;10;4879;30;;;4874.5;-90.28125
1;6000;COCONUTS;7994;173;;;;;7997;173;;;;;7995.5;132.5625
1;6000;PEARLS;9995;30;;;;;10002;10;10005;30;;;9998.5;33.0
1;6000;PINA_COLADAS;15001;77;;;;;15004;77;;;;;15002.5;-58.890625
1;6100;COCONUTS;7995;162;;;;;7997;42;7998;120;;;7996.0;103.5
1;6100;PEARLS;9996;1;9995;24;;;10004;1;10005;24;;;10000.0;33.0
1;6100;PINA_COLADAS;15001;89;;;;;15004;89;;;;;15002.5;-54.9375
1;6100;BANANAS;4873;1;4872;24;;;4879;25;;;;;4876.0;-117.78125
1;6200;COCONUTS;7997;190;;;;;8000;190;;;;;7998.5;-12.53125
1;6200;PEARLS;9998;3;9996;1;9995;29;10004;1;10005;29;;;10001.0;33.0
1;6200;PINA_COLADAS;15003;88;;;;;15006;88;;;;;15004.5;-87.4375
1;6200;BANANAS;4878;1;4874;3;4873;30;4879;1;4880;29;;;4878.5;-145.9375
1;6300;PINA_COLADAS;15005;73;;;;;15008;23;15009;50;;;15006.5;-114.484375
1;6300;BANANAS;4873;22;;;;;4875;3;4879;22;;;4874.0;-126.8125
1;6300;COCONUTS;7996;205;;;;;7999;205;;;;;7997.5;27.9375
1;6300;PEARLS;9995;22;;;;;10005;22;;;;;10000.0;33.0
1;6400;BANANAS;4873;24;;;;;4876;2;4878;6;4879;1;4874.5;-137.125
1;6400;COCONUTS;7997;162;;;;;8000;162;;;;;7998.5;-15.71875
1;6400;PEARLS;9996;1;9995;23;;;10002;6;10004;1;10005;23;9999.0;33.0
1;6400;PINA_COLADAS;15009;24;15008;63;;;15011;24;15012;63;;;15010.0;-156.296875
1;6500;COCONUTS;7996;193;;;;;7999;193;;;;;7997.5;13.15625
1;6500;PEARLS;9995;22;;;;;10005;22;;;;;10000.0;33.0
1;6500;PINA_COLADAS;15004;90;;;;;15007;90;;;;;15005.5;-97.28125
1;6500;BANANAS;4872;22;;;;;4879;22;;;;;4875.5;-113.875
1;6600;COCONUTS;7994;188;;;;;7997;188;;;;;7995.5;120.40625
1;6600;PEARLS;9996;2;9995;27;;;10004;2;10005;27;;;10000.0;33.0
1;6600;PINA_COLADAS;14999;99;;;;;15002;99;;;;;15000.5;-33.71875
1;6600;BANANAS;4873;29;;;;;4879;2;4880;27;;;4876.0;-140.5
1;6700;PINA_COLADAS;15001;26;15000;54;;;15003;26;15004;54;;;15002.0;-51.609375
1;6700;PEARLS;9996;1;9995;30;;;10004;1;10005;30;;;10000.0;33.0
1;6700;BANANAS;4873;31;;;;;4879;1;4880;30;;;4876.0;-145.4375
1;6700;COCONUTS;7994;181;;;;;7997;181;;;;;7995.5;125.21875
1;6800;PEARLS;10000;5;9996;2;9995;29;10004;2;10005;29;;;10002.0;37.0
1;6800;BANANAS;4873;30;;;;;4879;31;;;;;4876.0;-122.90625
1;6800;PINA_COLADAS;15000;80;;;;;15003;21;15004;59;;;15001.5;-50.296875
1;6800;COCONUTS;7995;173;;;;;7997;58;7998;115;;;7996.0;105.46875
1;6900;COCONUTS;7994;157;;;;;7997;157;;;;;7995.5;148.15625
1;6900;PINA_COLADAS;14999;91;;;;;15002;27;15003;64;;;15000.5;-36.75
1;6900;PEARLS;9996;2;9995;27;;;10004;2;10005;27;;;10000.0;37.0
1;6900;BANANAS;4873;2;4872;27;;;4879;29;;;;;4876.0;-112.21875
1;7000;PINA_COLADAS;15003;30;15002;68;;;15005;30;15006;68;;;15004.0;-78.234375
1;7000;COCONUTS;7995;173;;;;;7996;51;7998;173;;;7995.5;90.875
1;7000;PEARLS;9996;1;9995;30;;;10004;1;10005;30;;;10000.0;37.0
1;7000;BANANAS;4873;31;;;;;4879;31;;;;;4876.0;-124.3125
1;7100;PINA_COLADAS;15005;20;15004;56;;;15008;76;;;;;15006.5;-105.90625
1;7100;PEARLS;9996;1;9995;30;;;9998;5;10002;7;10004;1;9997.0;37.0
1;7100;BANANAS;4872;31;;;;;4877;7;4878;1;4879;30;4874.5;-61.71875
1;7100;COCONUTS;7995;101;;;;;7996;22;7998;157;;;7995.5;-1.75
1;7200;PEARLS;9996;1;9995;22;;;10002;1;10004;1;10005;22;9999.0;39.0
1;7200;BANANAS;4872;23;;;;;4876;2;4878;23;;;4874.0;-38.21875
1;7200;PINA_COLADAS;15001;31;15000;52;;;15003;31;15004;52;;;15002.0;-51.578125
1;7200;COCONUTS;7995;156;;;;;7998;156;;;;;7996.5;83.25
1;7300;COCONUTS;7995;68;7994;100;;;7997;168;;;;;7996.0;111.1875
1;7300;PINA_COLADAS;15001;31;15000;69;;;15002;39;15004;100;;;15001.5;-53.96875
1;7300;PEARLS;9996;1;9995;25;;;10004;1;10005;25;;;10000.0;35.0
1;7300;BANANAS;4872;26;;;;;4879;26;;;;;4875.5;-79.21875
1;7400;PINA_COLADAS;15001;30;15000;58;;;15003;30;15004;58;;;15002.0;-50.71875
1;7400;COCONUTS;7994;203;;;;;7997;203;;;;;7995.5;167.75
1;7400;BANANAS;4871;22;;;;;4878;22;;;;;4874.5;-9.65625
1;7400;PEARLS;10002;1;9995;22;;;10005;22;;;;;10003.5;35.0
1;7500;PINA_COLADAS;15000;30;14999;53;;;15002;30;15003;53;;;15001.0;-37.984375
1;7500;BANANAS;4871;29;;;;;4878;29;;;;;4874.5;-20.09375
1;7500;PEARLS;9995;29;;;;;10005;29;;;;;10000.0;35.0
1;7500;COCONUTS;7993;183;;;;;7996;183;;;;;7994.5;278.9375
1;7600;BANANAS;4872;27;;;;;4878;27;;;;;4875.0;-43.09375
1;7600;PEARLS;10002;1;9995;27;;;10005;27;;;;;10003.5;35.0
1;7600;PINA_COLADAS;14998;100;;;;;15001;100;;;;;14999.5;-16.21875
1;7600;COCONUTS;7994;64;7993;141;;;7996;205;;;;;7995.0;224.25
1;7700;COCONUTS;7994;60;7993;103;;;7996;163;;;;;7995.0;217.75
1;7700;PINA_COLADAS;14997;115;;;;;15000;115;;;;;14998.5;-6.828125
1;7700;BANANAS;4871;26;;;;;4876;5;4878;26;;;4873.5;15.5625
1;7700;PEARLS;9996;1;9995;25;;;10002;5;10004;1;10005;25;9999.0;37.0
1;7800;COCONUTS;7994;73;7993;125;;;7996;198;;;;;7995.0;227.8125
1;7800;PINA_COLADAS;15000;40;14999;67;;;15002;40;15003;67;;;15001.0;-38.390625
1;7800;PEARLS;9995;23;;;;;10005;23;;;;;10000.0;37.0
1;7800;BANANAS;4870;23;;;;;4877;23;;;;;4873.5;55.78125
1;7900;PINA_COLADAS;14997;28;14996;63;;;14999;28;15000;63;;;14998.0;0.03125
1;7900;PEARLS;9996;2;9995;22;;;10002;7;10004;2;10005;22;9999.0;37.0
1;7900;BANANAS;4870;24;;;;;4875;7;4876;2;4877;22;4872.5;104.5
1;7900;COCONUTS;7993;191;;;;;7996;191;;;;;7994.5;259.1875
1;8000;PEARLS;10000;3;9996;2;9995;28;10004;2;10005;28;;;10002.0;37.0
1;8000;BANANAS;4875;1;4870;2;4869;28;4876;30;;;;;4875.5;152.5
1;8000;COCONUTS;7994;208;;;;;7996;77;7997;131;;;7995.0;196.0
1;8000;PINA_COLADAS;14996;82;;;;;14997;25;14999;82;;;14996.5;10.1875
1;8100;PINA_COLADAS;14991;78;;;;;14992;28;14994;25;14995;53;14991.5;67.328125
1;8100;PEARLS;9995;25;;;;;10005;25;;;;;10000.0;37.0
1;8100;BANANAS;4869;25;;;;;4876;25;;;;;4872.5;166.1875
1;8100;COCONUTS;7993;156;;;;;7995;44;7996;112;;;7994.0;320.3125
1;8200;PINA_COLADAS;14989;105;;;;;14992;105;;;;;14990.5;93.6875
1;8200;PEARLS;9996;2;9995;25;;;10004;2;10005;25;;;10000.0;37.0
1;8200;BANANAS;4871;4;4869;2;4868;25;4875;27;;;;;4873.0;237.0
1;8200;COCONUTS;7992;217;;;;;7993;42;7995;217;;;7992.5;393.9375
1;8300;PINA_COLADAS;14987;106;;;;;14990;106;;;;;14988.5;124.671875
1;8300;PEARLS;9998;9;9995;28;;;10005;28;;;;;10001.5;33.0
1;8300;BANANAS;4870;9;4869;28;;;4875;28;;;;;4872.5;219.21875
1;8300;COCONUTS;7991;106;;;;;7992;31;7994;152;;;7991.5;415.25
1;8400;PEARLS;9998;5;9995;29;;;10005;29;;;;;10001.5;33.0
1;8400;BANANAS;4870;5;4869;29;;;4875;29;;;;;4872.5;217.625
1;8400;COCONUTS;7990;165;;;;;7993;165;;;;;7991.5;655.75
1;8400;PINA_COLADAS;14983;29;14982;58;;;14985;29;14986;58;;;14984.0;182.40625
1;8500;PINA_COLADAS;14980;92;;;;;14983;92;;;;;14981.5;213.953125
1;8500;PEARLS;9996;2;9995;25;;;10004;2;10005;25;;;10000.0;33.0
1;8500;BANANAS;4873;3;4869;27;;;4875;2;4876;25;;;4874.0;205.8125
1;8500;COCONUTS;7989;206;;;;;7992;206;;;;;7990.5;742.125
1;8600;PINA_COLADAS;14982;24;14981;52;;;14984;24;14985;52;;;14983.0;194.765625
1;8600;PEARLS;9996;2;9995;27;;;10004;2;10005;27;;;10000.0;33.0
1;8600;BANANAS;4869;2;4868;27;;;4875;29;;;;;4872.0;232.21875
1;8600;COCONUTS;7990;52;7989;144;;;7992;196;;;;;7991.0;698.25
1;8700;PINA_COLADAS;14985;22;14984;78;;;14987;78;;;;;14986.0;164.15625
1;8700;PEARLS;9996;2;9995;22;;;10004;2;10005;22;;;10000.0;33.0
1;8700;BANANAS;4873;1;4868;24;;;4874;2;4875;22;;;4873.5;276.3125
1;8700;COCONUTS;7990;167;;;;;7993;167;;;;;7991.5;589.625
1;8800;PEARLS;9996;1;9995;30;;;10004;1;10005;30;;;10000.0;33.0
1;8800;BANANAS;4868;31;;;;;4875;31;;;;;4871.5;272.25
1;8800;COCONUTS;7990;75;7989;149;;;7992;224;;;;;7991.0;724.5
1;8800;PINA_COLADAS;14982;88;;;;;14985;88;;;;;14983.5;185.0
1;8900;BANANAS;4868;26;;;;;4875;26;;;;;4871.5;284.0
1;8900;COCONUTS;7993;59;7992;191;;;7994;70;7995;121;;;7993.5;381.75
1;8900;PINA_COLADAS;14984;93;;;;;14987;93;;;;;14985.5;160.484375
1;8900;PEARLS;9995;26;;;;;10005;26;;;;;10000.0;33.0
1;9000;PINA_COLADAS;14984;37;14983;75;;;14986;37;14987;75;;;14985.0;169.03125
1;9000;BANANAS;4868;23;;;;;4875;23;;;;;4871.5;286.90625
1;9000;PEARLS;9995;23;;;;;10005;23;;;;;10000.0;33.0
1;9000;COCONUTS;7992;158;;;;;7995;158;;;;;7993.5;276.125
1;9100;BANANAS;4867;22;;;;;4869;5;4874;22;;;4868.0;332.65625
1;9100;PINA_COLADAS;14981;89;;;;;14984;89;;;;;14982.5;202.34375
1;9100;PEARLS;9995;22;;;;;9998;1;10005;22;;;9996.5;33.0
1;9100;COCONUTS;7992;55;7991;193;;;7994;193;;;;;7993.0;491.625
1;9200;BANANAS;4867;27;;;;;4874;27;;;;;4870.5;357.90625
1;9200;PEARLS;9996;2;9995;25;;;10004;2;10005;25;;;10000.0;31.0
1;9200;COCONUTS;7991;205;;;;;7992;62;7994;205;;;7991.5;455.875
1;9200;PINA_COLADAS;14981;38;14980;63;;;14984;101;;;;;14982.5;206.546875
1;9300;BANANAS;4868;1;4867;30;;;4873;30;;;;;4870.5;387.09375
1;9300;PINA_COLADAS;14982;5;14981;28;14980;57;14984;85;;;;;14983.0;206.109375
1;9300;PEARLS;10002;11;9998;1;9996;1;10004;1;10005;29;;;10003.0;31.0
1;9300;COCONUTS;7990;197;;;;;7993;197;;;;;7991.5;576.0
1;9400;PINA_COLADAS;14978;83;;;;;14981;83;;;;;14979.5;243.5
1;9400;BANANAS;4866;30;;;;;4873;30;;;;;4869.5;417.625
1;9400;PEARLS;10002;1;9996;2;9995;28;10004;2;10005;28;;;10003.0;31.0
1;9400;COCONUTS;7989;173;;;;;7992;173;;;;;7990.5;793.375
1;9500;BANANAS;4866;26;;;;;4873;26;;;;;4869.5;423.875
1;9500;PINA_COLADAS;14980;87;;;;;14983;87;;;;;14981.5;214.671875
1;9500;PEARLS;10002;1;9996;2;9995;24;10004;2;10005;24;;;10003.0;33.0
1;9500;COCONUTS;7990;42;7989;148;;;7992;190;;;;;7991.0;720.25
1;9600;BANANAS;4866;21;;;;;4871;6;4873;21;;;4868.5;437.5
1;9600;PEARLS;9996;1;9995;20;;;10002;6;10004;1;10005;20;9999.0;35.0
1;9600;COCONUTS;7990;188;;;;;7992;61;7993;127;;;7991.0;682.875
1;9600;PINA_COLADAS;14978;84;;;;;14981;84;;;;;14979.5;241.828125
1;9700;BANANAS;4866;31;;;;;4873;31;;;;;4869.5;439.25
1;9700;PINA_COLADAS;14981;113;;;;;14984;113;;;;;14982.5;205.3125
1;9700;PEARLS;9996;1;9995;30;;;10000;4;10004;1;10005;30;9998.0;37.0
1;9700;COCONUTS;7990;163;;;;;7993;163;;;;;7991.5;594.875
1;9800;PINA_COLADAS;14979;91;;;;;14982;91;;;;;14980.5;224.359375
1;9800;PEARLS;9998;1;9996;2;9995;24;10004;2;10005;24;;;10001.0;37.0
1;9800;COCONUTS;7990;214;;;;;7992;77;7993;137;;;7991.0;707.5
1;9800;BANANAS;4867;1;4866;26;;;4873;26;;;;;4870.0;446.125
1;9900;BANANAS;4866;24;;;;;4867;9;4873;24;;;4866.5;456.0625
1;9900;PINA_COLADAS;14981;99;;;;;14984;32;14985;67;;;14982.5;197.140625
1;9900;PEARLS;9995;24;;;;;10005;24;;;;;10000.0;37.0
1;9900;COCONUTS;7991;160;;;;;7994;160;;;;;7992.5;444.75
1;10000;PEARLS;9995;27;;;;;10005;27;;;;;10000.0;37.0
1;10000;COCONUTS;7991;159;;;;;7994;159;;;;;7992.5;448.375
1;10000;BANANAS;4866;27;;;;;4873;27;;;;;4869.5;406.25
1;10000;PINA_COLADAS;14980;92;;;;;14983;92;;;;;14981.5;216.9375
1;10100;BANANAS;4866;21;;;;;4873;21;;;;;4869.5;406.6875
1;10100;PEARLS;10002;4;9996;1;9995;20;10004;1;10005;20;;;10003.0;37.0
1;10100;COCONUTS;7992;72;7991;118;;;7994;190;;;;;7993.0;400.125
1;10100;PINA_COLADAS;14983;81;;;;;14986;81;;;;;14984.5;157.046875
1;10200;PINA_COLADAS;14982;88;;;;;14985;88;;;;;14983.5;177.890625
1;10200;COCONUTS;7991;201;;;;;7994;201;;;;;7992.5;508.375
1;10200;PEARLS;9995;20;;;;;10005;20;;;;;10000.0;37.0
1;10200;BANANAS;4866;20;;;;;4873;20;;;;;4869.5;370.375
1;10300;BANANAS;4867;25;;;;;4873;25;;;;;4870.0;365.875
1;10300;COCONUTS;7991;163;;;;;7994;163;;;;;7992.5;462.75
1;10300;PEARLS;9996;1;9995;24;;;10004;1;10005;24;;;10000.0;37.0
1;10300;PINA_COLADAS;14984;37;14983;57;;;14987;94;;;;;14985.5;146.4375
1;10400;COCONUTS;7993;24;7991;164;;;7994;164;;;;;7993.5;420.375
1;10400;PEARLS;9995;25;;;;;10005;25;;;;;10000.0;41.0
1;10400;BANANAS;4866;25;;;;;4873;25;;;;;4869.5;383.03125
1;10400;PINA_COLADAS;14985;101;;;;;14988;101;;;;;14986.5;120.484375
1;10500;BANANAS;4866;26;;;;;4873;26;;;;;4869.5;379.71875
1;10500;COCONUTS;7991;168;;;;;7994;178;;;;;7992.5;447.75
1;10500;PEARLS;9995;26;;;;;10005;26;;;;;10000.0;41.0
1;10500;PINA_COLADAS;14988;106;;;;;14991;106;;;;;14989.5;73.546875
1;10600;PINA_COLADAS;14991;106;;;;;14994;106;;;;;14992.5;20.125
1;10600;COCONUTS;7992;193;;;;;7995;193;;;;;7993.5;256.0
1;10600;PEARLS;9995;20;;;;;10005;20;;;;;10000.0;41.0
1;10600;BANANAS;4867;20;;;;;4873;20;;;;;4870.0;370.5
1;10700;BANANAS;4866;24;;;;;4873;24;;;;;4869.5;373.28125
1;10700;COCONUTS;7992;193;;;;;7995;193;;;;;7993.5;257.0
1;10700;PEARLS;9995;24;;;;;9998;3;10005;24;;;9996.5;41.0
1;10700;PINA_COLADAS;14992;100;;;;;14995;100;;;;;14993.5;7.5625
1;10800;COCONUTS;7992;152;;;;;7994;46;7995;106;;;7993.0;349.0
1;10800;PEARLS;9995;23;;;;;10002;1;10005;23;;;9998.5;35.0
1;10800;BANANAS;4866;23;;;;;4871;1;4873;23;;;4868.5;388.5
1;10800;PINA_COLADAS;14990;83;;;;;14993;21;14994;62;;;14991.5;33.109375
1;10900;BANANAS;4866;23;;;;;4873;23;;;;;4869.5;414.4375
1;10900;COCONUTS;7991;215;;;;;7994;215;;;;;7992.5;473.375
1;10900;PEARLS;9996;1;9995;22;;;10000;6;10004;1;10005;22;9998.0;35.0
1;10900;PINA_COLADAS;14990;86;;;;;14993;86;;;;;14991.5;38.734375
1;11000;PINA_COLADAS;14988;99;;;;;14991;99;;;;;14989.5;74.734375
1;11000;COCONUTS;7991;10;7990;162;;;7992;55;7993;107;;;7991.5;701.125
1;11000;PEARLS;9996;1;9995;26;;;10004;1;10005;26;;;10000.0;35.0
1;11000;BANANAS;4866;27;;;;;4867;9;4873;27;;;4866.5;409.1875
1;11100;BANANAS;4866;31;;;;;4871;1;4873;31;;;4868.5;397.6875
1;11100;COCONUTS;7990;74;7989;130;;;7992;204;;;;;7991.0;736.125
1;11100;PINA_COLADAS;14988;101;;;;;14991;38;14992;63;;;14989.5;66.828125
1;11100;PEARLS;9996;1;9995;30;;;10002;1;10004;1;10005;30;9999.0;35.0
1;11200;COCONUTS;7990;119;7989;148;;;7992;204;;;;;7991.0;714.875
1;11200;PEARLS;9996;2;9995;28;;;10004;2;10005;28;;;10000.0;35.0
1;11200;BANANAS;4867;30;;;;;4874;30;;;;;4870.5;290.28125
1;11200;PINA_COLADAS;14989;96;;;;;14992;96;;;;;14990.5;55.84375
1;11300;PEARLS;9996;2;9995;25;;;10002;2;10004;2;10005;25;9999.0;35.0
1;11300;BANANAS;4867;27;;;;;4872;2;4874;27;;;4869.5;302.4375
1;11300;PINA_COLADAS;14984;96;;;;;14987;96;;;;;14985.5;138.359375
1;11300;COCONUTS;7988;62;7987;119;;;7990;181;;;;;7989.0;1072.75
1;11400;PINA_COLADAS;14983;92;;;;;14986;92;;;;;14984.5;154.9375
1;11400;COCONUTS;7987;209;;;;;7990;209;;;;;7988.5;1167.25
1;11400;PEARLS;9995;30;;;;;10005;30;;;;;10000.0;35.0
1;11400;BANANAS;4867;30;;;;;4874;30;;;;;4870.5;283.5625
1;11500;PEARLS;9996;1;9995;28;;;10004;1;10005;28;;;10000.0;35.0
1;11500;BANANAS;4868;1;4867;28;;;4874;29;;;;;4871.0;265.125
1;11500;PINA_COLADAS;14986;85;;;;;14989;85;;;;;14987.5;107.671875
1;11500;COCONUTS;7988;209;;;;;7990;65;7991;144;;;7989.0;1028.25
1;11600;COCONUTS;7988;62;7987;117;;;7990;179;;;;;7989.0;1061.625
1;11600;PEARLS;9996;2;9995;22;;;10004;2;10005;22;;;10000.0;35.0
1;11600;BANANAS;4868;24;;;;;4874;2;4875;22;;;4871.0;209.125
1;11600;PINA_COLADAS;14984;86;;;;;14987;86;;;;;14985.5;143.578125
1;11700;PEARLS;10000;4;9996;2;9995;20;10004;2;10005;20;;;10002.0;35.0
1;11700;BANANAS;4868;22;;;;;4874;22;;;;;4871.0;230.71875
1;11700;PINA_COLADAS;14987;105;;;;;14990;105;;;;;14988.5;86.296875
1;11700;COCONUTS;7989;190;;;;;7992;190;;;;;7990.5;769.125
1;11800;PINA_COLADAS;14986;86;;;;;14989;86;;;;;14987.5;106.703125
1;11800;COCONUTS;7989;191;;;;;7992;191;;;;;7990.5;783.625
1;11800;PEARLS;9998;10;9996;1;9995;21;10004;1;10005;21;;;10001.0;35.0
1;11800;BANANAS;4869;10;4868;22;;;4874;22;;;;;4871.5;227.8125
1;11900;BANANAS;4869;1;4868;23;;;4875;23;;;;;4872.0;175.84375
1;11900;PEARLS;10002;1;10000;4;9998;1;10004;1;10005;22;;;10003.0;35.0
1;11900;PINA_COLADAS;14987;25;14986;98;;;14989;98;;;;;14988.0;109.90625
1;11900;COCONUTS;7989;177;;;;;7991;75;7992;102;;;7990.0;865.875
1;12000;COCONUTS;7988;207;;;;;7991;207;;;;;7989.5;947.125
1;12000;BANANAS;4868;28;;;;;4875;28;;;;;4871.5;177.71875
1;12000;PEARLS;9996;1;9995;27;;;10004;1;10005;27;;;10000.0;37.0
1;12000;PINA_COLADAS;14989;36;14988;24;14987;73;14990;24;14991;73;;;14989.5;80.953125
1;12100;BANANAS;4868;25;;;;;4874;2;4875;23;;;4871.0;205.5
1;12100;PEARLS;9996;2;9995;23;;;9998;8;10004;2;10005;23;9997.0;37.0
1;12100;PINA_COLADAS;14987;20;14986;54;;;14989;20;14990;54;;;14988.0;98.25
1;12100;COCONUTS;7988;167;;;;;7991;167;;;;;7989.5;1003.25
1;12200;PINA_COLADAS;14990;72;;;;;14993;72;;;;;14991.5;40.609375
1;12200;COCONUTS;7989;159;;;;;7992;159;;;;;7990.5;788.875
1;12200;BANANAS;4868;25;;;;;4874;2;4875;23;;;4871.0;200.84375
1;12200;PEARLS;9996;2;9995;23;;;10004;2;10005;23;;;10000.0;37.0
1;12300;PEARLS;9996;1;9995;24;;;10002;3;10004;1;10005;24;9999.0;37.0
1;12300;BANANAS;4868;25;;;;;4873;3;4874;1;4875;24;4870.5;198.9375
1;12300;COCONUTS;7989;194;;;;;7992;194;;;;;7990.5;824.625
1;12300;PINA_COLADAS;14992;79;;;;;14995;79;;;;;14993.5;2.875
1;12400;PEARLS;10002;1;9998;5;9995;29;10005;29;;;;;10003.5;37.0
1;12400;BANANAS;4869;5;4868;29;;;4875;29;;;;;4872.0;184.59375
1;12400;COCONUTS;7990;194;;;;;7993;194;;;;;7991.5;579.375
1;12400;PINA_COLADAS;14995;112;;;;;14998;39;14999;73;;;14996.5;-51.6875
1;12500;PEARLS;10000;3;9996;1;9995;22;10004;1;10005;22;;;10002.0;37.0
1;12500;BANANAS;4867;23;;;;;4873;1;4874;22;;;4870.0;316.71875
1;12500;COCONUTS;7991;173;;;;;7994;173;;;;;7992.5;439.875
1;12500;PINA_COLADAS;14996;38;14995;53;;;14998;38;14999;53;;;14997.0;-56.6875
1;12600;PINA_COLADAS;14996;23;14995;68;;;14999;91;;;;;14997.5;-56.875
1;12600;PEARLS;10000;4;9995;26;;;10005;26;;;;;10002.5;37.0
1;12600;BANANAS;4867;26;;;;;4874;26;;;;;4870.5;314.1875
1;12600;COCONUTS;7992;226;;;;;7995;226;;;;;7993.5;308.875
1;12700;PEARLS;10002;1;9996;1;9995;27;10004;1;10005;27;;;10003.0;39.0
1;12700;BANANAS;4867;28;;;;;4872;1;4873;1;4874;27;4869.5;312.84375
1;12700;COCONUTS;7992;219;;;;;7994;76;7995;143;;;7993.0;333.625
1;12700;PINA_COLADAS;14995;88;;;;;14998;88;;;;;14996.5;-50.34375
1;12800;PEARLS;10000;4;9996;2;9995;28;10002;9;10004;2;10005;28;10001.0;41.0
1;12800;BANANAS;4867;30;;;;;4872;9;4874;30;;;4869.5;282.0625
1;12800;COCONUTS;7991;184;;;;;7994;184;;;;;7992.5;472.375
1;12800;PINA_COLADAS;14993;24;14992;70;;;14995;24;14996;70;;;14994.0;-5.484375
1;12900;PEARLS;9996;2;9995;21;;;10002;4;10004;2;10005;21;9999.0;41.0
1;12900;BANANAS;4867;23;;;;;4872;4;4874;23;;;4869.5;291.40625
1;12900;COCONUTS;7992;69;7991;104;;;7994;173;;;;;7993.0;350.25
1;12900;PINA_COLADAS;14993;23;14992;70;;;14995;23;14996;70;;;14994.0;-3.0
1;13000;PINA_COLADAS;14992;105;;;;;14995;105;;;;;14993.5;8.625
1;13000;PEARLS;9996;2;9995;30;;;10002;2;10004;2;10005;30;9999.0;41.0
1;13000;BANANAS;4867;32;;;;;4872;2;4873;2;4874;30;4869.5;327.28125
1;13000;COCONUTS;7990;157;;;;;7993;157;;;;;7991.5;606.25
1;13100;PEARLS;9995;21;;;;;10000;2;10005;21;;;9997.5;41.0
1;13100;BANANAS;4867;21;;;;;4873;21;;;;;4870.0;333.75
1;13100;COCONUTS;7990;185;;;;;7991;54;7993;185;;;7990.5;605.0
1;13100;PINA_COLADAS;14991;34;14990;62;;;14993;34;14994;62;;;14992.0;30.46875
1;13200;PEARLS;9998;9;9996;2;9995;29;10004;2;10005;29;;;10001.0;41.0
1;13200;BANANAS;4871;1;4867;9;4866;31;4873;31;;;;;4872.0;384.53125
1;13200;COCONUTS;7991;145;;;;;7994;145;;;;;7992.5;484.0
1;13200;PINA_COLADAS;14992;79;;;;;14995;79;;;;;14993.5;5.890625
1;13300;PINA_COLADAS;14990;76;;;;;14993;26;14994;50;;;14991.5;33.109375
1;13300;PEARLS;10002;2;9996;1;9995;22;10004;1;10005;22;;;10003.0;41.0
1;13300;BANANAS;4866;1;4865;22;;;4872;23;;;;;4869.0;467.8125
1;13300;COCONUTS;7992;24;7990;166;;;7993;166;;;;;7992.5;645.5
1;13400;BANANAS;4865;26;;;;;4872;26;;;;;4868.5;482.78125
1;13400;COCONUTS;7990;171;;;;;7993;171;;;;;7991.5;574.5
1;13400;PINA_COLADAS;14990;33;14989;60;;;14992;33;14993;60;;;14991.0;48.296875
1;13400;PEARLS;9995;26;;;;;10005;26;;;;;10000.0;45.0
1;13500;BANANAS;4870;5;4866;1;4865;24;4872;25;;;;;4871.0;459.28125
1;13500;PEARLS;9996;1;9995;24;;;10004;1;10005;24;;;10000.0;45.0
1;13500;COCONUTS;7990;192;;;;;7993;192;;;;;7991.5;610.625
1;13500;PINA_COLADAS;14988;103;;;;;14991;103;;;;;14989.5;72.046875
1;13600;BANANAS;4866;26;;;;;4870;6;4872;26;;;4868.0;446.9375
1;13600;PINA_COLADAS;14990;25;14989;54;;;14992;25;14993;54;;;14991.0;46.21875
1;13600;PEARLS;9996;2;9995;24;;;10002;6;10004;2;10005;24;9999.0;45.0
1;13600;COCONUTS;7991;161;;;;;7994;161;;;;;7992.5;434.625
1;13700;PINA_COLADAS;14989;95;;;;;14992;95;;;;;14990.5;53.390625
1;13700;BANANAS;4870;2;4865;28;;;4872;28;;;;;4871.0;484.5625
1;13700;PEARLS;10002;1;9995;28;;;10005;28;;;;;10003.5;45.0
1;13700;COCONUTS;7990;153;;;;;7993;153;;;;;7991.5;596.625
1;13800;BANANAS;4867;1;4866;23;;;4873;23;;;;;4870.0;395.375
1;13800;PINA_COLADAS;14986;94;;;;;14989;37;14990;57;;;14987.5;99.921875
1;13800;PEARLS;9998;1;9995;23;;;10005;23;;;;;10001.5;47.0
1;13800;COCONUTS;7991;44;7990;198;;;7993;198;;;;;7992.0;661.125
1;13900;BANANAS;4866;21;;;;;4873;21;;;;;4869.5;381.3125
1;13900;PEARLS;9996;1;9995;20;;;10004;1;10005;20;;;10000.0;47.0
1;13900;COCONUTS;7989;173;;;;;7992;173;;;;;7990.5;783.5
1;13900;PINA_COLADAS;14986;103;;;;;14989;36;14990;67;;;14987.5;101.171875
1;14000;BANANAS;4868;1;4867;29;;;4873;1;4874;28;;;4870.5;319.0
1;14000;PINA_COLADAS;14986;86;;;;;14989;86;;;;;14987.5;107.859375
1;14000;PEARLS;10002;6;9998;1;9996;1;10004;1;10005;28;;;10003.0;47.0
1;14000;COCONUTS;7988;211;;;;;7991;211;;;;;7989.5;1019.0
1;14100;PINA_COLADAS;14987;25;14986;82;;;14989;82;;;;;14988.0;107.125
1;14100;BANANAS;4867;22;;;;;4872;4;4874;22;;;4869.5;288.0
1;14100;PEARLS;9996;2;9995;20;;;10002;4;10004;2;10005;20;9999.0;59.0
1;14100;COCONUTS;7988;169;;;;;7991;169;;;;;7989.5;1016.125
1;14200;BANANAS;4867;21;;;;;4874;21;;;;;4870.5;292.3125
1;14200;PINA_COLADAS;14989;85;;;;;14992;23;14993;62;;;14990.5;49.859375
1;14200;PEARLS;9995;21;;;;;10005;21;;;;;10000.0;59.0
1;14200;COCONUTS;7990;143;;;;;7993;143;;;;;7991.5;596.625
1;14300;PEARLS;9996;1;9995;21;;;10004;1;10005;21;;;10000.0;59.0
1;14300;COCONUTS;7990;189;;;;;7993;189;;;;;7991.5;662.75
1;14300;PINA_COLADAS;14987;99;;;;;14990;99;;;;;14988.5;89.859375
1;14300;BANANAS;4871;2;4867;22;;;4873;1;4874;21;;;4872.0;309.1875
1;14400;PEARLS;10002;4;9996;2;9995;21;10004;2;10005;21;;;10003.0;59.0
1;14400;COCONUTS;7989;193;;;;;7992;193;;;;;7990.5;793.125
1;14400;PINA_COLADAS;14984;89;;;;;14987;89;;;;;14985.5;138.15625
1;14400;BANANAS;4867;22;;;;;4873;23;;;;;4870.0;335.125
1;14500;PINA_COLADAS;14987;40;14986;88;;;14989;88;;;;;14988.0;110.671875
1;14500;BANANAS;4867;1;4866;28;;;4871;10;4873;29;;;4869.0;364.875
1;14500;PEARLS;9996;1;9995;28;;;10002;10;10004;1;10005;28;9999.0;67.0
1;14500;COCONUTS;7990;62;7989;130;;;7992;192;;;;;7991.0;763.125
1;14600;BANANAS;4866;27;;;;;4867;10;4873;28;;;4866.5;365.125
1;14600;COCONUTS;7992;53;7991;114;;;7994;167;;;;;7993.0;359.125
1;14600;PEARLS;9996;1;9995;27;;;10004;1;10005;27;;;10000.0;67.0
1;14600;PINA_COLADAS;14985;90;;;;;14988;36;14989;54;;;14986.5;116.75
1;14700;COCONUTS;7993;160;;;;;7996;160;;;;;7994.5;12.375
1;14700;PEARLS;9996;1;9995;23;;;10004;1;10005;23;;;10000.0;67.0
1;14700;PINA_COLADAS;14990;86;;;;;14993;86;;;;;14991.5;42.1875
1;14700;BANANAS;4866;1;4865;23;;;4872;24;;;;;4869.0;455.375
1;14800;COCONUTS;7992;177;;;;;7995;177;;;;;7993.5;279.0
1;14800;PEARLS;9996;1;9995;30;;;9998;1;10004;1;10005;30;9997.0;67.0
1;14800;PINA_COLADAS;14988;85;;;;;14991;85;;;;;14989.5;76.734375
1;14800;BANANAS;4866;31;;;;;4868;4;4872;31;;;4867.0;452.875
1;14900;PINA_COLADAS;14989;98;;;;;14992;98;;;;;14990.5;57.59375
1;14900;BANANAS;4865;26;;;;;4870;1;4872;26;;;4867.5;491.1875
1;14900;COCONUTS;7992;178;;;;;7995;178;;;;;7993.5;193.75
1;14900;PEARLS;9996;1;9995;25;;;10002;1;10004;1;10005;25;9999.0;65.0
1;15000;BANANAS;4865;26;;;;;4871;2;4872;25;;;4868.0;529.3125
1;15000;COCONUTS;7991;179;;;;;7993;61;7994;118;;;7992.0;502.625
1;15000;PEARLS;9996;2;9995;25;;;10004;2;10005;25;;;10000.0;65.0
1;15000;PINA_COLADAS;14986;20;14985;70;;;14987;36;14988;20;14989;70;14986.5;114.09375
1;15100;COCONUTS;7990;178;;;;;7993;178;;;;;7991.5;592.125
1;15100;PEARLS;9996;1;9995;20;;;9998;1;10004;1;10005;20;9997.0;65.0
1;15100;PINA_COLADAS;14985;2;14984;52;;;14987;29;14988;52;;;14986.0;107.625
1;15100;BANANAS;4864;21;;;;;4871;21;;;;;4867.5;602.9375
1;15200;COCONUTS;7991;187;;;;;7994;187;;;;;7992.5;447.25
1;15200;PEARLS;10000;4;9996;2;9995;21;10002;4;10004;2;10005;21;10001.0;63.0
1;15200;PINA_COLADAS;14984;84;;;;;14985;37;14987;84;;;14984.5;116.375
1;15200;BANANAS;4868;3;4864;23;;;4869;4;4871;23;;;4868.5;618.9375
1;15300;PINA_COLADAS;14980;83;;;;;14983;83;;;;;14981.5;312.5625
1;15300;BANANAS;4864;24;;;;;4869;7;4870;2;4871;22;4866.5;642.8125
1;15300;COCONUTS;7991;47;7990;175;;;7993;175;;;;;7992.0;609.5
1;15300;PEARLS;9996;2;9995;22;;;10002;7;10004;2;10005;22;9999.0;63.0
1;15400;BANANAS;4864;30;;;;;4871;30;;;;;4867.5;635.75
1;15400;COCONUTS;7990;170;;;;;7993;170;;;;;7991.5;634.75
1;15400;PEARLS;9995;30;;;;;10005;30;;;;;10000.0;63.0
1;15400;PINA_COLADAS;14979;35;14978;67;;;14981;35;14982;67;;;14980.0;366.625
1;15500;COCONUTS;7990;184;;;;;7993;184;;;;;7991.5;638.875
1;15500;PEARLS;9995;25;;;;;9998;11;10005;25;;;9996.5;63.0
1;15500;PINA_COLADAS;14979;80;;;;;14982;80;;;;;14980.5;343.3125
1;15500;BANANAS;4864;25;;;;;4871;25;;;;;4867.5;643.0
1;15600;COCONUTS;7991;54;7990;103;;;7993;157;;;;;7992.0;544.5
1;15600;PINA_COLADAS;14979;112;;;;;14982;112;;;;;14980.5;339.5
1;15600;PEARLS;9996;1;9995;22;;;10004;1;10005;22;;;10000.0;63.0
1;15600;BANANAS;4864;23;;;;;4870;1;4871;22;;;4867.0;709.0
1;15700;PINA_COLADAS;14977;102;;;;;14980;102;;;;;14978.5;427.1875
1;15700;PEARLS;9996;2;9995;28;;;10004;2;10005;28;;;10000.0;63.0
1;15700;BANANAS;4864;2;4863;28;;;4870;30;;;;;4867.0;749.25
1;15700;COCONUTS;7990;190;;;;;7993;190;;;;;7991.5;570.25
1;15800;PEARLS;9998;6;9996;2;9995;26;10004;2;10005;26;;;10001.0;63.0
1;15800;BANANAS;4864;6;4863;28;;;4870;28;;;;;4867.0;814.0
1;15800;PINA_COLADAS;14980;83;;;;;14981;29;14983;83;;;14980.5;301.125
1;15800;COCONUTS;7992;163;;;;;7994;56;7995;107;;;7993.0;305.125
1;15900;COCONUTS;7992;186;;;;;7995;186;;;;;7993.5;279.0
1;15900;PINA_COLADAS;14981;113;;;;;14984;113;;;;;14982.5;250.125
1;15900;PEARLS;9996;1;9995;20;;;10002;8;10004;1;10005;20;9999.0;71.0
1;15900;BANANAS;4864;21;;;;;4868;8;4870;21;;;4866.0;740.0625
1;16000;PINA_COLADAS;14977;92;;;;;14980;92;;;;;14978.5;434.8125
1;16000;COCONUTS;7991;159;;;;;7993;46;7994;113;;;7992.0;504.875
1;16000;PEARLS;9996;2;9995;20;;;10004;2;10005;20;;;10000.0;71.0
1;16000;BANANAS;4862;20;;;;;4863;5;4869;22;;;4862.5;876.375
1;16100;PINA_COLADAS;14977;26;14976;66;;;14979;26;14980;66;;;14978.0;459.25
1;16100;PEARLS;9996;1;9995;26;;;10004;1;10005;26;;;10000.0;71.0
1;16100;BANANAS;4863;27;;;;;4869;1;4870;26;;;4866.0;823.6875
1;16100;COCONUTS;7991;210;;;;;7994;210;;;;;7992.5;404.375
1;16200;PEARLS;9995;27;;;;;10002;4;10005;27;;;9998.5;77.0
1;16200;BANANAS;4863;26;;;;;4868;7;4870;27;;;4865.5;810.9375
1;16200;PINA_COLADAS;14978;92;;;;;14981;92;;;;;14979.5;386.5
1;16200;COCONUTS;7991;191;;;;;7994;191;;;;;7992.5;406.0
1;16300;COCONUTS;7991;158;;;;;7994;158;;;;;7992.5;365.875
1;16300;PINA_COLADAS;14979;95;;;;;14982;95;;;;;14980.5;342.6875
1;16300;BANANAS;4863;22;;;;;4869;1;4870;21;;;4866.0;798.5
1;16300;PEARLS;9996;1;9995;21;;;10004;1;10005;21;;;10000.0;77.0
1;16400;PINA_COLADAS;14982;86;;;;;14985;86;;;;;14983.5;189.6875
1;16400;COCONUTS;7992;122;;;;;7993;3;7995;166;;;7992.5;113.5
1;16400;BANANAS;4863;27;;;;;4868;6;4870;27;;;4865.5;794.5
1;16400;PEARLS;9996;2;9995;25;;;10002;6;10004;2;10005;25;9999.0;69.0
1;16500;PINA_COLADAS;14981;96;;;;;14984;96;;;;;14982.5;234.75
1;16500;BANANAS;4863;22;;;;;4870;22;;;;;4866.5;806.5625
1;16500;PEARLS;9995;22;;;;;10005;22;;;;;10000.0;69.0
1;16500;COCONUTS;7992;181;;;;;7994;44;7995;137;;;7993.0;297.125
1;16600;BANANAS;4862;26;;;;;4869;26;;;;;4865.5;867.0625
1;16600;PEARLS;9995;26;;;;;10005;26;;;;;10000.0;69.0
1;16600;PINA_COLADAS;14982;33;14981;52;;;14984;33;14985;52;;;14983.0;216.375
1;16600;COCONUTS;7992;181;;;;;7995;181;;;;;7993.5;171.75
1;16700;COCONUTS;7992;168;;;;;7995;168;;;;;7993.5;162.5
1;16700;PINA_COLADAS;14980;27;14979;52;;;14983;79;;;;;14981.5;308.875
1;16700;PEARLS;10002;1;9998;2;9995;25;10005;25;;;;;10003.5;69.0
1;16700;BANANAS;4864;2;4863;25;;;4870;25;;;;;4867.0;791.25
1;16800;PINA_COLADAS;14982;40;14981;70;;;14984;40;14985;70;;;14983.0;221.125
1;16800;PEARLS;10000;2;9996;2;9995;25;10004;2;10005;25;;;10002.0;69.0
1;16800;BANANAS;4863;2;4862;25;;;4869;27;;;;;4866.0;864.9375
1;16800;COCONUTS;7993;167;;;;;7996;167;;;;;7994.5;-23.5
1;16900;PINA_COLADAS;14984;20;14983;70;;;14987;90;;;;;14985.5;118.6875
1;16900;PEARLS;9996;2;9995;22;;;10004;2;10005;22;;;10000.0;69.0
1;16900;BANANAS;4862;24;;;;;4868;2;4869;22;;;4865.0;944.8125
1;16900;COCONUTS;7995;61;7994;115;;;7997;176;;;;;7996.0;-377.875
1;17000;PEARLS;9996;1;9995;25;;;10004;1;10005;25;;;10000.0;69.0
1;17000;BANANAS;4862;26;;;;;4869;26;;;;;4865.5;924.6875
1;17000;COCONUTS;7995;69;7994;140;;;7997;209;;;;;7996.0;-397.75
1;17000;PINA_COLADAS;14984;104;;;;;14987;104;;;;;14985.5;95.5625
1;17100;PINA_COLADAS;14982;106;;;;;14985;106;;;;;14983.5;188.625
1;17100;PEARLS;9996;1;9995;26;;;10004;1;10005;26;;;10000.0;69.0
1;17100;BANANAS;4862;27;;;;;4869;27;;;;;4865.5;891.75
1;17100;COCONUTS;7994;156;;;;;7996;54;7997;102;;;7995.0;-202.375
1;17200;PINA_COLADAS;14980;112;;;;;14983;112;;;;;14981.5;306.625
1;17200;PEARLS;9996;1;9995;27;;;10004;1;10005;27;;;10000.0;69.0
1;17200;BANANAS;4861;28;;;;;4868;28;;;;;4864.5;1050.375
1;17200;COCONUTS;7994;71;7993;109;;;7996;180;;;;;7995.0;-143.125
1;17300;PINA_COLADAS;14981;74;;;;;14984;74;;;;;14982.5;250.125
1;17300;PEARLS;9996;1;9995;27;;;10004;1;10005;27;;;10000.0;69.0
1;17300;BANANAS;4861;28;;;;;4868;28;;;;;4864.5;1077.6875
1;17300;COCONUTS;7995;181;;;;;7997;62;7998;119;;;7996.0;-436.875
1;17400;PEARLS;9995;25;;;;;9998;11;10005;25;;;9996.5;69.0
1;17400;BANANAS;4861;25;;;;;4868;25;;;;;4864.5;1047.0
1;17400;COCONUTS;7993;176;;;;;7995;48;7996;128;;;7994.0;28.625
1;17400;PINA_COLADAS;14978;80;;;;;14981;21;14982;59;;;14979.5;373.75
1;17500;PINA_COLADAS;14978;96;;;;;14981;96;;;;;14979.5;393.75
1;17500;PEARLS;9996;2;9995;26;;;10004;2;10005;26;;;10000.0;65.0
1;17500;BANANAS;4861;28;;;;;4867;28;;;;;4864.0;1141.375
1;17500;COCONUTS;7993;69;7992;116;;;7995;185;;;;;7994.0;107.5
1;17600;PINA_COLADAS;14978;30;14977;55;;;14980;30;14981;55;;;14979.0;420.875
1;17600;PEARLS;9996;1;9995;29;;;10004;1;10005;29;;;10000.0;65.0
1;17600;BANANAS;4861;30;;;;;4867;1;4868;29;;;4864.0;1117.1875
1;17600;COCONUTS;7992;180;;;;;7995;180;;;;;7993.5;213.625
1;17700;PINA_COLADAS;14975;90;;;;;14978;90;;;;;14976.5;536.125
1;17700;PEARLS;9998;2;9995;22;;;10005;22;;;;;10001.5;65.0
1;17700;BANANAS;4862;2;4861;22;;;4868;22;;;;;4865.0;1074.1875
1;17700;COCONUTS;7991;60;7990;116;;;7993;176;;;;;7992.0;610.75
1;17800;BANANAS;4862;32;;;;;4866;5;4868;32;;;4864.0;987.5
1;17800;COCONUTS;7990;53;7989;105;;;7992;158;;;;;7991.0;841.0
1;17800;PEARLS;9996;2;9995;30;;;9998;3;10002;5;10004;2;9997.0;65.0
1;17800;PINA_COLADAS;14974;27;14973;57;;;14977;84;;;;;14975.5;608.1875
1;17900;BANANAS;4861;21;;;;;4866;2;4868;21;;;4863.5;1067.3125
1;17900;PINA_COLADAS;14976;95;;;;;14979;95;;;;;14977.5;495.3125
1;17900;PEARLS;9995;21;;;;;9998;1;10002;3;10005;21;9996.5;59.0
1;17900;COCONUTS;7990;201;;;;;7993;201;;;;;7991.5;641.125
1;18000;PINA_COLADAS;14977;87;;;;;14980;87;;;;;14978.5;443.0
1;18000;BANANAS;4861;24;;;;;4868;24;;;;;4864.5;1047.0625
1;18000;PEARLS;9995;24;;;;;10005;24;;;;;10000.0;57.0
1;18000;COCONUTS;7991;160;;;;;7994;160;;;;;7992.5;490.75
1;18100;BANANAS;4861;30;;;;;4868;30;;;;;4864.5;1063.4375
1;18100;PINA_COLADAS;14975;88;;;;;14978;88;;;;;14976.5;529.1875
1;18100;PEARLS;9996;2;9995;28;;;10004;2;10005;28;;;10000.0;57.0
1;18100;COCONUTS;7991;42;7990;186;;;7993;186;;;;;7992.0;749.5
1;18200;BANANAS;4862;25;;;;;4866;10;4868;25;;;4864.0;989.0
1;18200;PEARLS;9996;2;9995;23;;;10002;10;10004;2;10005;23;9999.0;57.0
1;18200;COCONUTS;7991;47;7990;150;;;7993;150;;;;;7992.0;623.875
1;18200;PINA_COLADAS;14976;92;;;;;14979;92;;;;;14977.5;498.125
1;18300;BANANAS;4862;20;;;;;4869;20;;;;;4865.5;942.3125
1;18300;PINA_COLADAS;14975;80;;;;;14978;80;;;;;14976.5;543.0625
1;18300;PEARLS;9995;20;;;;;10005;20;;;;;10000.0;71.0
1;18300;COCONUTS;7991;46;7990;149;;;7993;195;;;;;7992.0;582.625
1;18400;PINA_COLADAS;14978;113;;;;;14981;113;;;;;14979.5;384.125
1;18400;BANANAS;4868;1;4862;22;;;4869;22;;;;;4868.5;895.625
1;18400;PEARLS;9996;1;9995;21;;;10004;1;10005;21;;;10000.0;71.0
1;18400;COCONUTS;7991;176;;;;;7994;176;;;;;7992.5;386.25
1;18500;BANANAS;4867;1;4862;23;;;4869;23;;;;;4868.0;936.25
1;18500;PINA_COLADAS;14979;97;;;;;14982;97;;;;;14980.5;352.625
1;18500;PEARLS;9996;2;9995;21;;;10004;2;10005;21;;;10000.0;71.0
1;18500;COCONUTS;7992;158;;;;;7995;158;;;;;7993.5;251.5
1;18600;PEARLS;9996;1;9995;21;;;10004;1;10005;21;;;10000.0;71.0
1;18600;COCONUTS;7993;155;;;;;7995;48;7996;107;;;7994.0;33.25
1;18600;BANANAS;4863;1;4862;21;;;4869;22;;;;;4866.0;867.0625
1;18600;PINA_COLADAS;14980;88;;;;;14983;88;;;;;14981.5;304.375
1;18700;BANANAS;4862;30;;;;;4869;30;;;;;4865.5;855.625
1;18700;PINA_COLADAS;14980;109;;;;;14983;109;;;;;14981.5;306.3125
1;18700;PEARLS;10002;1;9995;30;;;10005;30;;;;;10003.5;71.0
1;18700;COCONUTS;7992;207;;;;;7995;207;;;;;7993.5;240.75
1;18800;PINA_COLADAS;14979;28;14978;73;;;14982;101;;;;;14980.5;361.0625
1;18800;PEARLS;9995;24;;;;;10002;7;10005;24;;;9998.5;71.0
1;18800;COCONUTS;7991;179;;;;;7994;179;;;;;7992.5;474.75
1;18800;BANANAS;4862;24;;;;;4867;7;4868;24;;;4864.5;981.25
1;18900;BANANAS;4866;8;4861;25;;;4868;25;;;;;4867.0;1024.1875
1;18900;PEARLS;10002;1;9995;25;;;10005;25;;;;;10003.5;71.0
1;18900;COCONUTS;7990;209;;;;;7993;209;;;;;7991.5;672.875
1;18900;PINA_COLADAS;14977;97;;;;;14980;97;;;;;14978.5;448.125
1;19000;COCONUTS;7991;62;7990;107;;;7993;169;;;;;7992.0;620.5
1;19000;PEARLS;9996;1;9995;30;;;10004;1;10005;30;;;10000.0;73.0
1;19000;BANANAS;4862;31;;;;;4868;31;;;;;4865.0;988.8125
1;19000;PINA_COLADAS;14977;102;;;;;14980;102;;;;;14978.5;438.3125
1;19100;BANANAS;4862;23;;;;;4869;23;;;;;4865.5;944.8125
1;19100;COCONUTS;7992;60;7991;104;;;7994;164;;;;;7993.0;345.625
1;19100;PEARLS;9996;2;9995;21;;;10004;2;10005;21;;;10000.0;73.0
1;19100;PINA_COLADAS;14978;85;;;;;14981;85;;;;;14979.5;393.5625
1;19200;PINA_COLADAS;14979;73;;;;;14982;73;;;;;14980.5;351.375
1;19200;COCONUTS;7992;188;;;;;7995;188;;;;;7993.5;169.25
1;19200;PEARLS;9995;26;;;;;10002;1;10005;26;;;9998.5;73.0
1;19200;BANANAS;4862;26;;;;;4867;1;4869;26;;;4864.5;935.0
1;19300;BANANAS;4863;2;4862;25;;;4868;2;4869;23;;;4865.5;971.75
1;19300;COCONUTS;7992;75;7991;166;;;7994;166;;;;;7993.0;461.0
1;19300;PEARLS;9996;2;9995;23;;;9998;6;10004;2;10005;23;9997.0;69.0
1;19300;PINA_COLADAS;14976;89;;;;;14979;33;14980;56;;;14977.5;476.25
1;19400;COCONUTS;7992;174;;;;;7995;174;;;;;7993.5;253.875
1;19400;PEARLS;9996;2;9995;24;;;10002;5;10004;2;10005;24;9999.0;57.0
1;19400;BANANAS;4862;26;;;;;4867;5;4868;26;;;4864.5;955.6875
1;19400;PINA_COLADAS;14977;84;;;;;14980;84;;;;;14978.5;429.125
1;19500;BANANAS;4862;23;;;;;4869;23;;;;;4865.5;936.5625
1;19500;COCONUTS;7990;153;;;;;7992;47;7993;106;;;7991.0;777.25
1;19500;PEARLS;9995;23;;;;;10005;23;;;;;10000.0;57.0
1;19500;PINA_COLADAS;14972;94;;;;;14975;94;;;;;14973.5;703.9375
1;19600;PINA_COLADAS;14968;22;14967;57;;;14970;22;14971;57;;;14969.0;914.625
1;19600;COCONUTS;7989;154;;;;;7992;154;;;;;7990.5;934.75
1;19600;PEARLS;10002;1;9998;5;9996;1;10004;1;10005;26;;;10003.0;57.0
1;19600;BANANAS;4862;27;;;;;4863;4;4869;27;;;4862.5;876.75
1;19700;BANANAS;4862;31;;;;;4869;31;;;;;4865.5;889.875
1;19700;COCONUTS;7990;201;;;;;7993;201;;;;;7991.5;666.25
1;19700;PEARLS;9996;2;9995;29;;;10004;2;10005;29;;;10000.0;59.0
1;19700;PINA_COLADAS;14969;104;;;;;14972;104;;;;;14970.5;828.25
1;19800;COCONUTS;7990;48;7989;136;;;7992;184;;;;;7991.0;841.75
1;19800;PEARLS;9996;2;9995;26;;;10004;2;10005;26;;;10000.0;59.0
1;19800;BANANAS;4862;28;;;;;4868;28;;;;;4865.0;955.75
1;19800;PINA_COLADAS;14967;94;;;;;14970;94;;;;;14968.5;931.875
1;19900;BANANAS;4862;1;4861;22;;;4868;23;;;;;4865.0;1002.9375
1;19900;COCONUTS;7991;52;7990;157;;;7992;52;7993;105;;;7991.5;789.25
1;19900;PEARLS;9996;1;9995;22;;;9998;1;10004;1;10005;22;9997.0;59.0
1;19900;PINA_COLADAS;14970;26;14969;71;;;14973;97;;;;;14971.5;809.3125
1;20000;PINA_COLADAS;14968;105;;;;;14971;105;;;;;14969.5;884.4375
1;20000;COCONUTS;7988;192;;;;;7989;63;7991;192;;;7988.5;1207.375
1;20000;PEARLS;9995;26;;;;;9998;1;10005;26;;;9996.5;55.0
1;20000;BANANAS;4862;26;;;;;4863;12;4868;26;;;4862.5;942.9375
1;20100;PEARLS;9996;1;9995;29;;;9998;4;10004;1;10005;29;9997.0;53.0
1;20100;BANANAS;4862;30;;;;;4868;30;;;;;4865.0;923.5625
1;20100;PINA_COLADAS;14969;105;;;;;14972;39;14973;66;;;14970.5;822.9375
1;20100;COCONUTS;7989;157;;;;;7992;157;;;;;7990.5;979.25
1;20200;COCONUTS;7989;184;;;;;7992;184;;;;;7990.5;945.5
1;20200;PEARLS;10002;1;9995;20;;;10005;20;;;;;10003.5;53.0
1;20200;BANANAS;4861;20;;;;;4868;20;;;;;4864.5;1025.6875
1;20200;PINA_COLADAS;14968;93;;;;;14971;93;;;;;14969.5;882.5625
1;20300;PEARLS;10002;4;9995;24;;;10005;24;;;;;10003.5;55.0
1;20300;BANANAS;4860;24;;;;;4867;24;;;;;4863.5;1135.375
1;20300;PINA_COLADAS;14966;90;;;;;14969;90;;;;;14967.5;989.5625
1;20300;COCONUTS;7989;52;7988;137;;;7991;189;;;;;7990.0;1111.375
1;20400;PINA_COLADAS;14969;27;14968;20;14967;61;14971;81;;;;;14970.0;911.0
1;20400;COCONUTS;7989;200;;;;;7992;200;;;;;7990.5;899.5
1;20400;PEARLS;10002;2;9996;1;9995;27;10004;1;10005;27;;;10003.0;55.0
1;20400;BANANAS;4861;28;;;;;4867;28;;;;;4864.0;1102.25
1;20500;PEARLS;9998;7;9996;1;9995;25;10004;1;10005;25;;;10001.0;55.0
1;20500;BANANAS;4861;8;4860;25;;;4867;26;;;;;4864.0;1168.75
1;20500;PINA_COLADAS;14969;28;14968;81;;;14971;81;;;;;14970.0;894.4375
1;20500;COCONUTS;7990;142;;;;;7992;42;7993;100;;;7991.0;758.25
1;20600;COCONUTS;7990;162;;;;;7993;162;;;;;7991.5;728.75
1;20600;PEARLS;9996;1;9995;24;;;9998;4;10002;5;10004;1;9997.0;55.0
1;20600;BANANAS;4860;25;;;;;4865;5;4866;1;4867;24;4862.5;1247.125
1;20600;PINA_COLADAS;14971;80;;;;;14974;80;;;;;14972.5;737.9375
1;20700;PEARLS;9995;30;;;;;10005;30;;;;;10000.0;51.0
1;20700;BANANAS;4860;30;;;;;4867;30;;;;;4863.5;1250.0
1;20700;PINA_COLADAS;14971;81;;;;;14974;81;;;;;14972.5;755.5625
1;20700;COCONUTS;7990;152;;;;;7993;152;;;;;7991.5;667.75
1;20800;PINA_COLADAS;14968;21;14967;92;;;14970;92;;;;;14969.0;955.5
1;20800;COCONUTS;7989;200;;;;;7992;200;;;;;7990.5;972.25
1;20800;BANANAS;4860;2;4859;24;;;4866;26;;;;;4863.0;1348.875
1;20800;PEARLS;9996;2;9995;24;;;10004;2;10005;24;;;10000.0;51.0
1;20900;BANANAS;4860;30;;;;;4866;31;;;;;4863.0;1307.6875
1;20900;PEARLS;9996;2;9995;29;;;10004;2;10005;29;;;10000.0;51.0
1;20900;PINA_COLADAS;14964;88;;;;;14967;88;;;;;14965.5;1083.375
1;20900;COCONUTS;7989;200;;;;;7992;200;;;;;7990.5;896.75
1;21000;COCONUTS;7988;76;7987;207;;;7990;207;;;;;7989.0;1404.25
1;21000;BANANAS;4860;26;;;;;4861;13;4863;5;4866;1;4860.5;1267.5
1;21000;PEARLS;9996;1;9995;25;;;10004;1;10005;25;;;10000.0;51.0
1;21000;PINA_COLADAS;14961;92;;;;;14964;92;;;;;14962.5;1229.0625
1;21100;BANANAS;4860;28;;;;;4866;28;;;;;4863.0;1298.875
1;21100;PEARLS;9995;28;;;;;10000;2;10005;28;;;9997.5;51.0
1;21100;COCONUTS;7989;208;;;;;7992;208;;;;;7990.5;942.25
1;21100;PINA_COLADAS;14966;84;;;;;14969;84;;;;;14967.5;977.625
1;21200;PINA_COLADAS;14967;82;;;;;14970;25;14971;57;;;14968.5;923.6875
1;21200;COCONUTS;7990;185;;;;;7993;185;;;;;7991.5;632.25
1;21200;PEARLS;9995;29;;;;;9998;1;10005;29;;;9996.5;51.0
1;21200;BANANAS;4865;1;4859;29;;;4866;29;;;;;4865.5;1327.1875
1;21300;PEARLS;9995;22;;;;;10005;22;;;;;10000.0;49.0
1;21300;BANANAS;4859;22;;;;;4866;22;;;;;4862.5;1355.5625
1;21300;COCONUTS;7990;219;;;;;7993;219;;;;;7991.5;707.25
1;21300;PINA_COLADAS;14970;90;;;;;14973;90;;;;;14971.5;803.25
1;21400;PEARLS;9996;1;9995;29;;;10004;1;10005;29;;;10000.0;49.0
1;21400;BANANAS;4859;30;;;;;4866;30;;;;;4862.5;1370.9375
1;21400;COCONUTS;7990;192;;;;;7993;192;;;;;7991.5;629.5
1;21400;PINA_COLADAS;14972;111;;;;;14975;111;;;;;14973.5;706.9375
1;21500;PEARLS;9996;2;9995;28;;;10004;2;10005;28;;;10000.0;49.0
1;21500;BANANAS;4859;30;;;;;4866;30;;;;;4862.5;1366.625
1;21500;COCONUTS;7989;58;7988;128;;;7991;186;;;;;7990.0;1058.0
1;21500;PINA_COLADAS;14967;92;;;;;14970;23;14971;69;;;14968.5;922.875
1;21600;PINA_COLADAS;14969;81;;;;;14972;81;;;;;14970.5;846.3125
1;21600;PEARLS;9998;5;9996;2;9995;20;10004;2;10005;20;;;10001.0;49.0
1;21600;BANANAS;4864;1;4860;5;4859;22;4866;22;;;;;4865.0;1355.625
1;21600;COCONUTS;7989;220;;;;;7992;220;;;;;7990.5;961.5
1;21700;PEARLS;9996;2;9995;25;;;10004;2;10005;25;;;10000.0;49.0
1;21700;BANANAS;4859;27;;;;;4866;27;;;;;4862.5;1372.3125
1;21700;COCONUTS;7989;168;;;;;7992;168;;;;;7990.5;971.0
1;21700;PINA_COLADAS;14969;104;;;;;14972;104;;;;;14970.5;827.8125
1;21800;PEARLS;9996;1;9995;25;;;10004;1;10005;25;;;10000.0;49.0
1;21800;BANANAS;4859;26;;;;;4866;26;;;;;4862.5;1369.75
1;21800;COCONUTS;7989;43;7988;115;;;7991;158;;;;;7990.0;1097.75
1;21800;PINA_COLADAS;14967;101;;;;;14970;27;14971;74;;;14968.5;924.6875
1;21900;PEARLS;9995;27;;;;;10002;3;10005;27;;;9998.5;49.0
1;21900;BANANAS;4859;27;;;;;4864;3;4866;27;;;4861.5;1378.6875
1;21900;COCONUTS;7988;53;7987;147;;;7990;200;;;;;7989.0;1336.75
1;21900;PINA_COLADAS;14967;26;14966;50;;;14969;26;14970;50;;;14968.0;968.5625
1;22000;PINA_COLADAS;14964;103;;;;;14967;32;14968;71;;;14965.5;1076.125
1;22000;PEARLS;9996;2;9995;20;;;10004;2;10005;20;;;10000.0;49.0
1;22000;BANANAS;4860;22;;;;;4866;2;4867;20;;;4863.0;1251.75
1;22000;COCONUTS;7987;155;;;;;7990;155;;;;;7988.5;1447.0
1;22100;PEARLS;9995;22;;;;;10005;22;;;;;10000.0;49.0
1;22100;BANANAS;4865;1;4860;22;;;4867;22;;;;;4866.0;1264.4375
1;22100;COCONUTS;7987;213;;;;;7989;72;7990;141;;;7988.0;1547.75
1;22100;PINA_COLADAS;14964;23;14963;50;;;14966;23;14967;50;;;14965.0;1117.0625
1;22200;PEARLS;10002;1;9995;23;;;10005;23;;;;;10003.5;49.0
1;22200;BANANAS;4860;23;;;;;4867;23;;;;;4863.5;1188.3125
1;22200;COCONUTS;7987;66;7986;123;;;7989;189;;;;;7988.0;1600.5
1;22200;PINA_COLADAS;14964;22;14963;55;;;14967;77;;;;;14965.5;1115.4375
1;22300;PINA_COLADAS;14964;90;;;;;14967;90;;;;;14965.5;1091.9375
1;22300;BANANAS;4860;30;;;;;4867;30;;;;;4863.5;1159.0
1;22300;COCONUTS;7987;198;;;;;7990;198;;;;;7988.5;1411.0
1;22300;PEARLS;9996;2;9995;28;;;10004;2;10005;28;;;10000.0;51.0
1;22400;BANANAS;4860;24;;;;;4865;3;4867;24;;;4862.5;1191.875
1;22400;PINA_COLADAS;14963;85;;;;;14966;85;;;;;14964.5;1150.375
1;22400;PEARLS;9996;1;9995;23;;;10002;2;10004;1;10005;23;9999.0;53.0
1;22400;COCONUTS;7987;185;;;;;7990;185;;;;;7988.5;1505.5
1;22500;BANANAS;4866;1;4861;2;4860;27;4867;27;;;;;4866.5;1149.5
1;22500;PEARLS;9998;2;9995;27;;;10005;27;;;;;10001.5;53.0
1;22500;COCONUTS;7986;185;;;;;7988;75;7989;110;;;7987.0;1804.25
1;22500;PINA_COLADAS;14962;84;;;;;14965;84;;;;;14963.5;1187.0625
1;22600;BANANAS;4865;1;4861;5;4860;26;4867;26;;;;;4866.0;1172.125
1;22600;PINA_COLADAS;14957;71;;;;;14960;21;14961;50;;;14958.5;1438.5625
1;22600;PEARLS;9998;5;9996;1;9995;25;10004;1;10005;25;;;10001.0;53.0
1;22600;COCONUTS;7984;199;;;;;7987;199;;;;;7985.5;2266.75
1;22700;PINA_COLADAS;14957;81;;;;;14960;81;;;;;14958.5;1458.8125
1;22700;BANANAS;4861;1;4860;25;;;4865;9;4867;26;;;4863.0;1110.9375
1;22700;PEARLS;9996;1;9995;25;;;10002;9;10004;1;10005;25;9999.0;53.0
1;22700;COCONUTS;7984;144;;;;;7987;144;;;;;7985.5;2294.25
1;22800;BANANAS;4861;1;4860;26;;;4867;27;;;;;4864.0;1146.0625
1;22800;PINA_COLADAS;14961;24;14960;57;;;14963;24;14964;57;;;14962.0;1279.9375
1;22800;PEARLS;10002;1;9996;1;9995;26;10004;1;10005;26;;;10003.0;53.0
1;22800;COCONUTS;7985;192;;;;;7988;192;;;;;7986.5;2063.25
1;22900;BANANAS;4860;22;;;;;4867;23;;;;;4863.5;1155.625
1;22900;PEARLS;10002;2;9996;1;9995;22;10004;1;10005;22;;;10003.0;55.0
1;22900;COCONUTS;7985;207;;;;;7988;207;;;;;7986.5;1936.0
1;22900;PINA_COLADAS;14962;97;;;;;14965;97;;;;;14963.5;1212.4375
1;23000;PINA_COLADAS;14960;91;;;;;14963;91;;;;;14961.5;1303.3125
1;23000;PEARLS;9996;1;9995;20;;;10002;2;10004;1;10005;20;9999.0;57.0
1;23000;COCONUTS;7986;75;7985;137;;;7988;212;;;;;7987.0;1874.75
1;23000;BANANAS;4860;21;;;;;4865;2;4867;21;;;4862.5;1212.0
1;23100;PINA_COLADAS;14955;87;;;;;14958;87;;;;;14956.5;1551.875
1;23100;BANANAS;4860;28;;;;;4866;28;;;;;4863.0;1305.25
1;23100;PEARLS;9996;2;9995;26;;;10004;2;10005;26;;;10000.0;57.0
1;23100;COCONUTS;7985;201;;;;;7988;201;;;;;7986.5;1981.25
1;23200;BANANAS;4860;24;;;;;4865;4;4866;1;4867;24;4862.5;1239.375
1;23200;PINA_COLADAS;14957;29;14956;58;;;14959;29;14960;58;;;14958.0;1487.1875
1;23200;PEARLS;9996;1;9995;24;;;10002;4;10004;1;10005;24;9999.0;57.0
1;23200;COCONUTS;7985;194;;;;;7988;194;;;;;7986.5;1931.5
1;23300;PEARLS;9996;2;9995;21;;;10004;2;10005;21;;;10000.0;57.0
1;23300;COCONUTS;7986;181;;;;;7989;181;;;;;7987.5;1737.25
1;23300;PINA_COLADAS;14957;96;;;;;14960;96;;;;;14958.5;1449.375
1;23300;BANANAS;4860;23;;;;;4863;4;4866;23;;;4861.5;1293.125
1;23400;PEARLS;9996;1;9995;29;;;10004;1;10005;29;;;10000.0;57.0
1;23400;COCONUTS;7986;168;;;;;7988;52;7989;116;;;7987.0;1820.5
1;23400;PINA_COLADAS;14955;37;14954;57;;;14958;94;;;;;14956.5;1580.75
1;23400;BANANAS;4860;30;;;;;4867;30;;;;;4863.5;1219.625
1;23500;PINA_COLADAS;14953;105;;;;;14956;105;;;;;14954.5;1664.6875
1;23500;BANANAS;4865;1;4860;31;;;4867;31;;;;;4866.0;1181.625
1;23500;COCONUTS;7986;208;;;;;7988;75;7989;133;;;7987.0;1816.5
1;23500;PEARLS;9996;1;9995;30;;;10004;1;10005;30;;;10000.0;57.0
1;23600;BANANAS;4861;1;4860;25;;;4867;27;;;;;4864.0;1129.875
1;23600;COCONUTS;7985;188;;;;;7988;188;;;;;7986.5;1961.25
1;23600;PEARLS;9996;2;9995;25;;;10004;2;10005;25;;;10000.0;57.0
1;23600;PINA_COLADAS;14951;85;;;;;14954;85;;;;;14952.5;1785.3125
1;23700;COCONUTS;7984;190;;;;;7987;190;;;;;7985.5;2187.75
1;23700;PEARLS;9996;1;9995;20;;;10004;1;10005;20;;;10000.0;57.0
1;23700;PINA_COLADAS;14950;27;14949;68;;;14952;27;14953;68;;;14951.0;1850.75
1;23700;BANANAS;4866;1;4861;21;;;4867;21;;;;;4866.5;1066.0
1;23800;COCONUTS;7984;52;7983;108;;;7986;160;;;;;7985.0;2442.0
1;23800;PEARLS;9995;22;;;;;10005;22;;;;;10000.0;57.0
1;23800;PINA_COLADAS;14947;96;;;;;14950;96;;;;;14948.5;1980.0625
1;23800;BANANAS;4862;22;;;;;4869;22;;;;;4865.5;833.25
1;23900;PINA_COLADAS;14945;39;14944;51;;;14947;39;14948;51;;;14946.0;2104.25
1;23900;BANANAS;4862;27;;;;;4869;27;;;;;4865.5;751.0
1;23900;COCONUTS;7982;202;;;;;7985;202;;;;;7983.5;2792.25
1;23900;PEARLS;9995;27;;;;;10005;27;;;;;10000.0;57.0
1;24000;BANANAS;4862;29;;;;;4869;29;;;;;4865.5;799.75
1;24000;COCONUTS;7984;178;;;;;7985;61;7986;71;7987;107;7984.5;2381.25
1;24000;PEARLS;9995;29;;;;;10005;29;;;;;10000.0;57.0
1;24000;PINA_COLADAS;14949;96;;;;;14952;96;;;;;14950.5;1883.25
1;24100;COCONUTS;7983;209;;;;;7986;209;;;;;7984.5;2512.5
1;24100;PEARLS;9996;2;9995;20;;;10004;2;10005;20;;;10000.0;57.0
1;24100;PINA_COLADAS;14949;98;;;;;14952;98;;;;;14950.5;1862.375
1;24100;BANANAS;4862;2;4861;20;;;4868;22;;;;;4865.0;880.75
1;24200;COCONUTS;7985;46;7984;111;;;7987;157;;;;;7986.0;2158.0
1;24200;PEARLS;9996;1;9995;23;;;10002;7;10004;1;10005;23;9999.0;57.0
1;24200;PINA_COLADAS;14949;81;;;;;14952;81;;;;;14950.5;1866.25
1;24200;BANANAS;4862;24;;;;;4867;7;4869;24;;;4864.5;758.375
1;24300;PINA_COLADAS;14945;112;;;;;14948;112;;;;;14946.5;2096.1875
1;24300;BANANAS;4862;26;;;;;4868;27;;;;;4865.0;851.125
1;24300;COCONUTS;7983;54;7982;127;;;7985;181;;;;;7984.0;2688.0
1;24300;PEARLS;10002;1;9995;27;;;10005;27;;;;;10003.5;57.0
1;24400;BANANAS;4861;29;;;;;4868;29;;;;;4864.5;967.625
1;24400;COCONUTS;7982;181;;;;;7984;66;7985;115;;;7983.0;2881.75
1;24400;PINA_COLADAS;14944;27;14943;62;;;14947;89;;;;;14945.5;2151.625
1;24400;PEARLS;9996;1;9995;28;;;10004;1;10005;28;;;10000.0;59.0
1;24500;COCONUTS;7983;53;7982;138;;;7985;191;;;;;7984.0;2704.0
1;24500;PINA_COLADAS;14947;21;14946;64;;;14948;31;14949;21;14950;64;14947.5;2002.75
1;24500;PEARLS;9996;2;9995;24;;;10002;10;10004;2;10005;24;9999.0;59.0
1;24500;BANANAS;4861;26;;;;;4865;10;4867;26;;;4863.0;1168.0
1;24600;PINA_COLADAS;14949;95;;;;;14952;95;;;;;14950.5;1878.625
1;24600;COCONUTS;7983;222;;;;;7985;79;7986;143;;;7984.0;2642.75
1;24600;PEARLS;9996;2;9995;22;;;10002;10;10004;2;10005;22;9999.0;59.0
1;24600;BANANAS;4862;2;4861;22;;;4864;2;4866;10;4868;24;4863.0;970.875
1;24700;PINA_COLADAS;14950;103;;;;;14953;34;14954;69;;;14951.5;1806.25
1;24700;PEARLS;9996;2;9995;20;;;10004;2;10005;20;;;10000.0;59.0
1;24700;BANANAS;4865;6;4862;22;;;4869;22;;;;;4867.0;821.625
1;24700;COCONUTS;7983;162;;;;;7985;53;7986;109;;;7984.0;2620.25
1;24800;PEARLS;9995;28;;;;;10005;28;;;;;10000.0;59.0
1;24800;BANANAS;4862;28;;;;;4865;1;4869;28;;;4863.5;740.75
1;24800;PINA_COLADAS;14950;94;;;;;14953;94;;;;;14951.5;1816.875
1;24800;COCONUTS;7983;197;;;;;7986;197;;;;;7984.5;2477.25
1;24900;COCONUTS;7982;159;;;;;7984;50;7985;109;;;7983.0;2897.5
1;24900;PINA_COLADAS;14951;6;14950;40;14949;67;14952;40;14953;67;;;14951.5;1848.3125
1;24900;PEARLS;9998;7;9995;24;;;10005;24;;;;;10001.5;59.0
1;24900;BANANAS;4864;7;4863;24;;;4870;24;;;;;4867.0;584.625
1;25000;PINA_COLADAS;14949;86;;;;;14952;86;;;;;14950.5;1861.3125
1;25000;COCONUTS;7981;170;;;;;7984;170;;;;;7982.5;3042.25
1;25000;PEARLS;10002;1;9996;1;9995;27;10004;1;10005;27;;;10003.0;59.0
1;25000;BANANAS;4863;28;;;;;4869;28;;;;;4866.0;676.75
1;25100;PINA_COLADAS;14950;77;;;;;14953;77;;;;;14951.5;1828.625
1;25100;PEARLS;9998;8;9996;1;9995;26;10004;1;10005;26;;;10001.0;57.0
1;25100;BANANAS;4867;1;4864;9;4863;27;4869;1;4870;26;;;4868.0;585.375
1;25100;COCONUTS;7982;163;;;;;7984;60;7985;103;;;7983.0;2894.25
1;25200;BANANAS;4864;2;4863;24;;;4870;26;;;;;4867.0;457.375
1;25200;PEARLS;9996;2;9995;24;;;10000;4;10004;2;10005;24;9998.0;57.0
1;25200;PINA_COLADAS;14950;91;;;;;14953;91;;;;;14951.5;1836.6875
1;25200;COCONUTS;7982;191;;;;;7985;191;;;;;7983.5;2840.5
1;25300;COCONUTS;7983;76;7982;141;;;7985;217;;;;;7984.0;2682.25
1;25300;PINA_COLADAS;14949;21;14948;60;;;14951;21;14952;60;;;14950.0;1902.375
1;25300;BANANAS;4865;9;4864;22;;;4870;1;4871;21;;;4867.5;357.875
1;25300;PEARLS;9998;9;9996;1;9995;21;10004;1;10005;21;;;10001.0;57.0
1;25400;PINA_COLADAS;14948;30;14947;58;;;14950;30;14951;58;;;14949.0;1957.5
1;25400;COCONUTS;7983;160;;;;;7986;160;;;;;7984.5;2464.75
1;25400;BANANAS;4865;2;4864;27;;;4871;29;;;;;4868.0;232.875
1;25400;PEARLS;10002;3;9996;2;9995;27;10004;2;10005;27;;;10003.0;57.0
1;25500;PINA_COLADAS;14948;80;;;;;14949;24;14951;80;;;14948.5;1911.3125
1;25500;BANANAS;4865;1;4864;23;;;4871;24;;;;;4868.0;213.125
1;25500;PEARLS;9996;1;9995;23;;;10004;1;10005;23;;;10000.0;57.0
1;25500;COCONUTS;7984;156;;;;;7986;41;7987;115;;;7985.0;2356.5
1;25600;PEARLS;9995;24;;;;;10005;24;;;;;10000.0;57.0
1;25600;BANANAS;4865;24;;;;;4872;24;;;;;4868.5;127.375
1;25600;COCONUTS;7984;188;;;;;7987;188;;;;;7985.5;2284.0
1;25600;PINA_COLADAS;14948;25;14947;80;;;14950;29;14951;51;;;14949.0;1962.75
1;25700;PINA_COLADAS;14948;114;;;;;14951;114;;;;;14949.5;1915.5625
1;25700;PEARLS;9996;1;9995;24;;;10004;1;10005;24;;;10000.0;57.0
1;25700;BANANAS;4865;25;;;;;4871;25;;;;;4868.0;165.625
1;25700;COCONUTS;7985;173;;;;;7988;173;;;;;7986.5;2005.25
1;25800;PINA_COLADAS;14947;78;;;;;14950;21;14951;57;;;14948.5;1962.9375
1;25800;PEARLS;10002;1;9996;2;9995;27;10004;2;10005;27;;;10003.0;57.0
1;25800;BANANAS;4865;29;;;;;4871;2;4872;27;;;4868.0;93.375
1;25800;COCONUTS;7984;155;;;;;7987;155;;;;;7985.5;2194.25
1;25900;PINA_COLADAS;14947;82;;;;;14950;82;;;;;14948.5;1977.375
1;25900;PEARLS;9996;2;9995;27;;;10004;2;10005;27;;;10000.0;57.0
1;25900;BANANAS;4865;2;4864;27;;;4871;29;;;;;4868.0;189.125
1;25900;COCONUTS;7985;60;7984;162;;;7987;162;;;;;7986.0;2290.75
1;26000;PEARLS;9995;27;;;;;10005;27;;;;;10000.0;65.0
1;26000;BANANAS;4870;1;4864;27;;;4871;27;;;;;4870.5;224.75
1;26000;COCONUTS;7983;155;;;;;7986;155;;;;;7984.5;2503.25
1;26000;PINA_COLADAS;14945;81;;;;;14948;81;;;;;14946.5;2083.8125
1;26100;PINA_COLADAS;14945;92;;;;;14948;92;;;;;14946.5;2067.4375
1;26100;PEARLS;10002;1;9998;3;9996;1;10004;1;10005;24;;;10003.0;65.0
1;26100;BANANAS;4870;1;4866;3;4865;25;4871;1;4872;24;;;4870.5;121.25
1;26100;COCONUTS;7984;174;;;;;7987;174;;;;;7985.5;2338.25
1;26200;PINA_COLADAS;14943;90;;;;;14946;90;;;;;14944.5;2171.6875
1;26200;PEARLS;10002;1;9996;2;9995;27;10004;2;10005;27;;;10003.0;65.0
1;26200;BANANAS;4867;3;4865;2;4864;27;4871;29;;;;;4869.0;203.25
1;26200;COCONUTS;7983;174;;;;;7986;174;;;;;7984.5;2593.75
1;26300;PINA_COLADAS;14944;82;;;;;14947;82;;;;;14945.5;2143.5625
1;26300;PEARLS;9996;1;9995;25;;;10002;1;10004;1;10005;25;9999.0;75.0
1;26300;BANANAS;4865;25;;;;;4870;5;4871;26;;;4867.5;156.5
1;26300;COCONUTS;7983;58;7982;134;;;7985;192;;;;;7984.0;2676.25
1;26400;PEARLS;9995;27;;;;;10005;27;;;;;10000.0;75.0
1;26400;BANANAS;4865;27;;;;;4872;27;;;;;4868.5;80.75
1;26400;COCONUTS;7985;163;;;;;7987;45;7988;118;;;7986.0;2093.0
1;26400;PINA_COLADAS;14947;90;;;;;14950;90;;;;;14948.5;1989.5
1;26500;PINA_COLADAS;14950;86;;;;;14953;86;;;;;14951.5;1817.1875
1;26500;PEARLS;9996;1;9995;21;;;10004;1;10005;21;;;10000.0;75.0
1;26500;BANANAS;4866;1;4865;21;;;4872;22;;;;;4869.0;-8.375
1;26500;COCONUTS;7985;181;;;;;7986;52;7988;181;;;7985.5;1933.25
1;26600;PINA_COLADAS;14952;106;;;;;14955;106;;;;;14953.5;1724.875
1;26600;PEARLS;9996;2;9995;29;;;9998;4;10004;2;10005;29;9997.0;75.0
1;26600;BANANAS;4865;31;;;;;4871;2;4872;29;;;4868.0;92.75
1;26600;COCONUTS;7987;80;7986;146;;;7989;146;;;;;7988.0;1663.0
1;26700;BANANAS;4872;1;4867;26;;;4873;26;;;;;4872.5;-332.75
1;26700;COCONUTS;7987;200;;;;;7990;200;;;;;7988.5;1424.25
1;26700;PINA_COLADAS;14956;89;;;;;14959;89;;;;;14957.5;1523.625
1;26700;PEARLS;9995;26;;;;;10005;26;;;;;10000.0;67.0
1;26800;BANANAS;4868;7;4867;20;;;4874;20;;;;;4871.0;-366.5
1;26800;PEARLS;10002;1;9998;7;9995;20;10005;20;;;;;10003.5;67.0
1;26800;COCONUTS;7988;52;7987;103;;;7990;155;;;;;7989.0;1332.75
1;26800;PINA_COLADAS;14955;31;14954;51;;;14957;31;14958;51;;;14956.0;1605.875
1;26900;BANANAS;4866;22;;;;;4873;22;;;;;4869.5;-293.625
1;26900;PINA_COLADAS;14953;97;;;;;14956;97;;;;;14954.5;1683.5
1;26900;PEARLS;9995;22;;;;;10005;22;;;;;10000.0;69.0
1;26900;COCONUTS;7988;214;;;;;7990;77;7991;137;;;7989.0;1309.0
1;27000;PINA_COLADAS;14951;100;;;;;14954;100;;;;;14952.5;1789.5
1;27000;BANANAS;4867;3;4866;26;;;4869;5;4873;27;;;4868.0;-281.0
1;27000;PEARLS;9998;2;9996;1;9995;26;10004;1;10005;26;;;10001.0;69.0
1;27000;COCONUTS;7988;61;7987;106;;;7990;167;;;;;7989.0;1352.5
1;27100;BANANAS;4866;29;;;;;4871;9;4872;2;4873;27;4868.5;-142.5
1;27100;PINA_COLADAS;14949;99;;;;;14952;99;;;;;14950.5;1925.375
1;27100;PEARLS;9996;2;9995;27;;;9998;1;10002;10;10004;2;9997.0;69.0
1;27100;COCONUTS;7987;165;;;;;7990;165;;;;;7988.5;1514.0
1;27200;BANANAS;4871;1;4867;3;4866;25;4872;2;4873;23;;;4871.5;-146.0
1;27200;PEARLS;9998;3;9996;2;9995;23;10004;2;10005;23;;;10001.0;67.0
1;27200;COCONUTS;7987;80;7986;141;;;7989;221;;;;;7988.0;1611.0
1;27200;PINA_COLADAS;14947;35;14946;53;;;14950;88;;;;;14948.5;2053.3125
1;27300;BANANAS;4866;24;;;;;4871;8;4872;25;;;4868.5;-89.0
1;27300;PINA_COLADAS;14945;97;;;;;14946;36;14948;97;;;14945.5;2155.3125
1;27300;PEARLS;9995;25;;;;;10002;8;10005;25;;;9998.5;67.0
1;27300;COCONUTS;7986;198;;;;;7989;198;;;;;7987.5;1758.5
1;27400;PINA_COLADAS;14950;96;;;;;14953;96;;;;;14951.5;1851.25
1;27400;PEARLS;9996;1;9995;22;;;9998;3;10004;1;10005;22;9997.0;55.0
1;27400;COCONUTS;7988;71;7987;199;;;7989;74;7990;125;;;7988.5;1542.5
1;27400;BANANAS;4866;1;4865;22;;;4872;23;;;;;4869.0;-0.125
1;27500;BANANAS;4866;30;;;;;4873;30;;;;;4869.5;-107.25
1;27500;PINA_COLADAS;14952;40;14951;62;;;14954;40;14955;62;;;14953.0;1779.875
1;27500;PEARLS;9995;30;;;;;10005;30;;;;;10000.0;49.0
1;27500;COCONUTS;7988;185;;;;;7991;185;;;;;7989.5;1166.75
1;27600;PEARLS;9996;2;9995;26;;;10002;4;10004;2;10005;26;9999.0;49.0
1;27600;COCONUTS;7988;183;;;;;7991;183;;;;;7989.5;1129.75
1;27600;BANANAS;4867;2;4866;26;;;4871;3;4873;28;;;4869.0;-189.5
1;27600;PINA_COLADAS;14951;37;14950;71;;;14953;37;14954;71;;;14952.0;1834.75
1;27700;BANANAS;4867;32;;;;;4873;2;4874;30;;;4870.0;-300.25
1;27700;PINA_COLADAS;14955;90;;;;;14958;90;;;;;14956.5;1589.0
1;27700;PEARLS;9996;2;9995;30;;;10004;2;10005;30;;;10000.0;49.0
1;27700;COCONUTS;7989;203;;;;;7992;203;;;;;7990.5;982.0
1;27800;PINA_COLADAS;14956;86;;;;;14959;86;;;;;14957.5;1517.5
1;27800;PEARLS;9998;2;9996;2;9995;20;10004;2;10005;20;;;10001.0;43.0
1;27800;COCONUTS;7989;168;;;;;7992;168;;;;;7990.5;915.0
1;27800;BANANAS;4868;5;4867;22;;;4873;2;4874;20;;;4870.5;-299.625
1;27900;BANANAS;4867;29;;;;;4873;29;;;;;4870.0;-269.25
1;27900;COCONUTS;7989;58;7988;105;;;7991;163;;;;;7990.0;1096.25
1;27900;PEARLS;9995;29;;;;;10005;29;;;;;10000.0;43.0
1;27900;PINA_COLADAS;14955;33;14954;70;;;14958;103;;;;;14956.5;1594.6875
1;28000;COCONUTS;7989;208;;;;;7991;71;7992;137;;;7990.0;1046.0
1;28000;PEARLS;9995;22;;;;;10005;22;;;;;10000.0;43.0
1;28000;BANANAS;4867;22;;;;;4873;22;;;;;4870.0;-283.75
1;28000;PINA_COLADAS;14956;22;14955;55;;;14958;22;14959;55;;;14957.0;1550.875
1;28100;BANANAS;4868;1;4867;20;;;4874;21;;;;;4871.0;-481.125
1;28100;COCONUTS;7990;194;;;;;7993;194;;;;;7991.5;576.75
1;28100;PEARLS;9996;1;9995;20;;;10004;1;10005;20;;;10000.0;43.0
1;28100;PINA_COLADAS;14962;27;14961;93;;;14964;93;;;;;14963.0;1250.5
1;28200;PINA_COLADAS;14959;109;;;;;14962;109;;;;;14960.5;1332.25
1;28200;COCONUTS;7989;140;;;;;7990;17;7992;186;;;7989.5;751.0
1;28200;PEARLS;9995;23;;;;;10005;23;;;;;10000.0;55.0
1;28200;BANANAS;4868;23;;;;;4871;1;4875;23;;;4869.5;-587.875
1;28300;BANANAS;4868;30;;;;;4874;30;;;;;4871.0;-527.125
1;28300;COCONUTS;7990;170;;;;;7992;57;7993;113;;;7991.0;676.25
1;28300;PEARLS;9996;2;9995;28;;;10004;2;10005;28;;;10000.0;55.0
1;28300;PINA_COLADAS;14960;107;;;;;14963;107;;;;;14961.5;1290.125
1;28400;COCONUTS;7990;178;;;;;7993;178;;;;;7991.5;599.25
1;28400;PEARLS;9995;20;;;;;10002;8;10005;20;;;9998.5;55.0
1;28400;BANANAS;4868;20;;;;;4872;8;4874;20;;;4870.0;-523.875
1;28400;PINA_COLADAS;14961;97;;;;;14964;97;;;;;14962.5;1247.0625
1;28500;BANANAS;4868;29;;;;;4874;30;;;;;4871.0;-549.125
1;28500;COCONUTS;7989;196;;;;;7992;196;;;;;7990.5;821.25
1;28500;PEARLS;9996;2;9995;28;;;10004;2;10005;28;;;10000.0;55.0
1;28500;PINA_COLADAS;14959;111;;;;;14962;111;;;;;14960.5;1341.5625
1;28600;PINA_COLADAS;14957;92;;;;;14960;92;;;;;14958.5;1449.8125
1;28600;COCONUTS;7989;185;;;;;7991;43;7992;142;;;7990.0;1002.75
1;28600;PEARLS;9996;2;9995;26;;;10000;5;10002;5;10004;2;9998.0;55.0
1;28600;BANANAS;4867;27;;;;;4872;5;4874;28;;;4869.5;-432.0
1;28700;BANANAS;4868;9;4867;22;;;4874;24;;;;;4871.0;-586.5
1;28700;COCONUTS;7988;187;;;;;7991;187;;;;;7989.5;1238.75
1;28700;PEARLS;9998;8;9996;2;9995;22;10004;2;10005;22;;;10001.0;55.0
1;28700;PINA_COLADAS;14958;29;14957;59;;;14960;29;14961;59;;;14959.0;1431.75
1;28800;COCONUTS;7988;214;;;;;7991;214;;;;;7989.5;1138.0
1;28800;PEARLS;9995;21;;;;;10002;8;10005;21;;;9998.5;55.0
1;28800;BANANAS;4867;21;;;;;4872;8;4874;21;;;4869.5;-381.0
1;28800;PINA_COLADAS;14958;81;;;;;14961;81;;;;;14959.5;1415.25
1;28900;PEARLS;9996;1;9995;22;;;10002;5;10004;1;10005;22;9999.0;55.0
1;28900;BANANAS;4867;23;;;;;4871;5;4873;23;;;4869.0;-321.5
1;28900;COCONUTS;7989;194;;;;;7991;58;7992;136;;;7990.0;1042.75
1;28900;PINA_COLADAS;14958;83;;;;;14961;83;;;;;14959.5;1395.625
1;29000;PINA_COLADAS;14956;99;;;;;14959;99;;;;;14957.5;1504.9375
1;29000;COCONUTS;7989;63;7988;135;;;7991;198;;;;;7990.0;1054.75
1;29000;PEARLS;10002;1;9996;2;9995;24;10004;2;10005;24;;;10003.0;55.0
1;29000;BANANAS;4867;2;4866;24;;;4873;26;;;;;4870.0;-265.5
1;29100;PEARLS;9995;23;;;;;10002;2;10005;23;;;9998.5;57.0
1;29100;BANANAS;4866;23;;;;;4871;2;4873;23;;;4868.5;-293.875
1;29100;PINA_COLADAS;14956;78;;;;;14959;78;;;;;14957.5;1521.0
1;29100;COCONUTS;7988;198;;;;;7990;74;7991;124;;;7989.0;1342.5
1;29200;COCONUTS;7987;174;;;;;7989;59;7990;115;;;7988.0;1655.75
1;29200;PEARLS;9996;1;9995;22;;;10004;1;10005;22;;;10000.0;57.0
1;29200;BANANAS;4866;23;;;;;4873;23;;;;;4869.5;-200.875
1;29200;PINA_COLADAS;14955;87;;;;;14958;87;;;;;14956.5;1582.125
1;29300;PEARLS;9996;1;9995;22;;;10004;1;10005;22;;;10000.0;57.0
1;29300;BANANAS;4871;1;4866;23;;;4873;23;;;;;4872.0;-161.125
1;29300;PINA_COLADAS;14957;77;;;;;14960;77;;;;;14958.5;1451.0625
1;29300;COCONUTS;7988;196;;;;;7991;196;;;;;7989.5;1242.0
1;29400;PINA_COLADAS;14958;93;;;;;14961;93;;;;;14959.5;1400.9375
1;29400;COCONUTS;7987;192;;;;;7990;192;;;;;7988.5;1457.75
1;29400;PEARLS;9996;2;9995;23;;;10002;4;10004;2;10005;23;9999.0;59.0
1;29400;BANANAS;4865;25;;;;;4870;5;4872;25;;;4867.5;97.75
1;29500;PEARLS;9998;6;9995;20;;;10005;20;;;;;10001.5;59.0
1;29500;BANANAS;4866;5;4865;20;;;4872;20;;;;;4869.0;232.625
1;29500;PINA_COLADAS;14958;90;;;;;14961;90;;;;;14959.5;1421.6875
1;29500;COCONUTS;7987;69;7986;117;;;7989;186;;;;;7988.0;1732.0
1;29600;COCONUTS;7987;186;;;;;7989;57;7990;129;;;7988.0;1655.25
1;29600;PEARLS;9996;1;9995;26;;;10000;4;10004;1;10005;26;9998.0;59.0
1;29600;BANANAS;4865;27;;;;;4872;27;;;;;4868.5;84.5
1;29600;PINA_COLADAS;14958;95;;;;;14961;24;14962;71;;;14959.5;1382.0
1;29700;BANANAS;4866;23;;;;;4871;7;4873;23;;;4868.5;-165.5
1;29700;PEARLS;9996;1;9995;22;;;10002;7;10004;1;10005;22;9999.0;59.0
1;29700;PINA_COLADAS;14959;38;14958;71;;;14961;38;14962;71;;;14960.0;1377.875
1;29700;COCONUTS;7987;193;;;;;7990;193;;;;;7988.5;1538.25
1;29800;PINA_COLADAS;14954;109;;;;;14957;109;;;;;14955.5;1634.75
1;29800;COCONUTS;7986;163;;;;;7988;51;7989;112;;;7987.0;2002.5
1;29800;BANANAS;4871;1;4866;25;;;4873;25;;;;;4872.0;-98.25
1;29800;PEARLS;9995;25;;;;;10005;25;;;;;10000.0;59.0
1;29900;BANANAS;4866;32;;;;;4872;32;;;;;4869.0;-61.0
1;29900;PEARLS;9996;2;9995;30;;;10004;2;10005;30;;;10000.0;84.0
1;29900;PINA_COLADAS;14952;80;;;;;14955;80;;;;;14953.5;1749.4375
1;29900;COCONUTS;7986;76;7985;113;;;7988;189;;;;;7987.0;2077.25
1;30000;COCONUTS;7986;191;;;;;7988;75;7989;116;;;7987.0;2004.75
1;30000;PEARLS;9998;10;9996;2;9995;23;10004;2;10005;23;;;10001.0;84.0
1;30000;BANANAS;4867;10;4866;25;;;4872;2;4873;23;;;4869.5;-86.5
1;30000;PINA_COLADAS;14953;37;14952;73;;;14955;37;14956;73;;;14954.0;1713.875
1;30100;PEARLS;9996;1;9995;20;;;10004;1;10005;20;;;10000.0;84.0
1;30100;BANANAS;4866;21;;;;;4873;21;;;;;4869.5;-107.625
1;30100;COCONUTS;7985;150;;;;;7987;41;7988;109;;;7986.0;2351.0
1;30100;PINA_COLADAS;14952;81;;;;;14955;23;14956;58;;;14953.5;1727.125
1;30200;PINA_COLADAS;14954;100;;;;;14957;25;14958;75;;;14955.5;1614.625
1;30200;PEARLS;9996;2;9995;28;;;9998;1;10002;8;10004;2;9997.0;84.0
1;30200;BANANAS;4866;30;;;;;4867;2;4871;8;4872;2;4866.5;-70.0
1;30200;COCONUTS;7987;50;7986;154;;;7988;43;7989;111;;;7987.5;2029.75
1;30300;PEARLS;10002;4;9996;2;9995;29;10004;2;10005;29;;;10003.0;82.0
1;30300;BANANAS;4866;2;4865;29;;;4872;31;;;;;4869.0;41.125
1;30300;COCONUTS;7983;165;;;;;7986;165;;;;;7984.5;2932.5
1;30300;PINA_COLADAS;14949;20;14948;66;;;14951;20;14952;66;;;14950.0;1947.5
1;30400;PEARLS;9995;30;;;;;10005;30;;;;;10000.0;82.0
1;30400;BANANAS;4866;30;;;;;4873;30;;;;;4869.5;-268.375
1;30400;COCONUTS;7983;222;;;;;7986;222;;;;;7984.5;2845.0
1;30400;PINA_COLADAS;14949;93;;;;;14952;93;;;;;14950.5;1917.375
1;30500;PEARLS;9996;2;9995;28;;;10004;2;10005;28;;;10000.0;82.0
1;30500;BANANAS;4867;2;4866;28;;;4873;30;;;;;4870.0;-273.875
1;30500;COCONUTS;7982;191;;;;;7985;191;;;;;7983.5;3123.0
1;30500;PINA_COLADAS;14948;33;14947;84;;;14950;84;;;;;14949.0;2017.5625
1;30600;PINA_COLADAS;14945;24;14944;65;;;14948;89;;;;;14946.5;2163.125
1;30600;PEARLS;10002;1;9996;2;9995;30;10004;2;10005;30;;;10003.0;82.0
1;30600;BANANAS;4867;32;;;;;4873;2;4874;30;;;4870.0;-348.375
1;30600;COCONUTS;7981;169;;;;;7984;169;;;;;7982.5;3493.25
1;30700;PEARLS;9996;2;9995;27;;;10004;2;10005;27;;;10000.0;84.0
1;30700;BANANAS;4867;2;4866;27;;;4873;29;;;;;4870.0;-256.75
1;30700;COCONUTS;7981;49;7980;127;;;7983;176;;;;;7982.0;3772.75
1;30700;PINA_COLADAS;14944;96;;;;;14947;96;;;;;14945.5;2185.9375
1;30800;PEARLS;9998;8;9996;2;9995;29;10004;2;10005;29;;;10001.0;84.0
1;30800;BANANAS;4867;8;4866;31;;;4873;31;;;;;4870.0;-183.75
1;30800;COCONUTS;7981;149;;;;;7983;45;7984;104;;;7982.0;3697.75
1;30800;PINA_COLADAS;14943;95;;;;;14946;95;;;;;14944.5;2272.75
1;30900;PEARLS;9995;21;;;;;10005;21;;;;;10000.0;84.0
1;30900;BANANAS;4866;21;;;;;4873;21;;;;;4869.5;-106.5
1;30900;COCONUTS;7981;172;;;;;7983;63;7984;109;;;7982.0;3687.25
1;30900;PINA_COLADAS;14942;30;14941;50;;;14945;80;;;;;14943.5;2337.6875
1;31000;PINA_COLADAS;14942;32;14941;55;;;14944;32;14945;55;;;14943.0;2344.75
1;31000;PEARLS;9996;2;9995;26;;;10002;2;10004;2;10005;26;9999.0;86.0
1;31000;BANANAS;4866;28;;;;;4871;2;4872;2;4873;26;4868.5;-25.75
1;31000;COCONUTS;7980;193;;;;;7983;193;;;;;7981.5;3897.25
1;31100;BANANAS;4871;1;4866;23;;;4872;23;;;;;4871.5;12.625
1;31100;COCONUTS;7980;221;;;;;7983;221;;;;;7981.5;3919.75
1;31100;PEARLS;10002;1;9995;23;;;10005;23;;;;;10003.5;88.0
1;31100;PINA_COLADAS;14941;20;14940;53;;;14943;20;14944;53;;;14942.0;2405.5
1;31200;BANANAS;4866;21;;;;;4871;7;4872;1;4873;21;4868.5;-67.0
1;31200;COCONUTS;7979;154;;;;;7982;168;;;;;7980.5;4167.0
1;31200;PINA_COLADAS;14938;21;14937;57;;;14940;21;14941;57;;;14939.0;2575.875
1;31200;PEARLS;9996;1;9995;21;;;10002;6;10004;1;10005;21;9999.0;92.0
1;31300;PINA_COLADAS;14938;96;;;;;14941;96;;;;;14939.5;2565.1875
1;31300;BANANAS;4866;22;;;;;4873;22;;;;;4869.5;-171.875
1;31300;PEARLS;9996;2;9995;20;;;10004;2;10005;20;;;10000.0;104.0
1;31300;COCONUTS;7979;185;;;;;7982;185;;;;;7980.5;4237.5
1;31400;BANANAS;4866;22;;;;;4871;3;4873;22;;;4868.5;-96.625
1;31400;PINA_COLADAS;14938;31;14937;50;;;14941;81;;;;;14939.5;2570.625
1;31400;PEARLS;9995;22;;;;;10005;22;;;;;10000.0;110.0
1;31400;COCONUTS;7979;161;;;;;7982;161;;;;;7980.5;4162.0
1;31500;BANANAS;4866;22;;;;;4873;22;;;;;4869.5;-141.75
1;31500;PEARLS;9996;1;9995;21;;;10004;1;10005;21;;;10000.0;110.0
1;31500;COCONUTS;7981;58;7980;114;;;7983;172;;;;;7982.0;3704.75
1;31500;PINA_COLADAS;14941;103;;;;;14944;103;;;;;14942.5;2376.75
1;31600;BANANAS;4866;24;;;;;4872;24;;;;;4869.0;37.625
1;31600;PINA_COLADAS;14944;102;;;;;14945;22;14947;102;;;14944.5;2179.75
1;31600;PEARLS;9995;24;;;;;9998;3;10005;24;;;9996.5;108.0
1;31600;COCONUTS;7981;155;;;;;7984;155;;;;;7982.5;3423.75
1;31700;PINA_COLADAS;14943;96;;;;;14946;96;;;;;14944.5;2251.625
1;31700;BANANAS;4865;29;;;;;4870;4;4872;29;;;4867.5;226.75
1;31700;PEARLS;9995;29;;;;;10002;3;10005;29;;;9998.5;104.0
1;31700;COCONUTS;7981;230;;;;;7983;80;7984;150;;;7982.0;3630.5
1;31800;BANANAS;4865;24;;;;;4870;2;4871;24;;;4867.5;326.375
1;31800;PINA_COLADAS;14940;104;;;;;14943;104;;;;;14941.5;2449.5
1;31800;PEARLS;9996;2;9995;22;;;10002;2;10004;2;10005;22;9999.0;89.0
1;31800;COCONUTS;7979;162;;;;;7980;46;7982;162;;;7979.5;4132.75
1;31900;PEARLS;9996;2;9995;26;;;10004;2;10005;26;;;10000.0;89.0
1;31900;COCONUTS;7980;77;7979;144;;;7982;221;;;;;7981.0;4052.5
1;31900;PINA_COLADAS;14940;88;;;;;14943;88;;;;;14941.5;2435.4375
1;31900;BANANAS;4864;28;;;;;4871;28;;;;;4867.5;524.75
1;32000;PINA_COLADAS;14942;29;14941;62;;;14944;29;14945;62;;;14943.0;2346.625
1;32000;PEARLS;9996;2;9995;20;;;10002;10;10004;2;10005;20;9999.0;89.0
1;32000;COCONUTS;7980;156;;;;;7983;156;;;;;7981.5;3748.75
1;32000;BANANAS;4865;22;;;;;4869;10;4871;22;;;4867.0;348.625
1;32100;PINA_COLADAS;14941;98;;;;;14944;98;;;;;14942.5;2362.75
1;32100;BANANAS;4866;9;4865;25;;;4872;25;;;;;4869.0;223.5
1;32100;PEARLS;9998;9;9995;25;;;10005;25;;;;;10001.5;89.0
1;32100;COCONUTS;7981;192;;;;;7984;192;;;;;7982.5;3438.0
1;32200;BANANAS;4865;25;;;;;4870;5;4872;25;;;4867.5;167.875
1;32200;PEARLS;9996;1;9995;24;;;10002;5;10004;1;10005;24;9999.0;85.0
1;32200;COCONUTS;7982;175;;;;;7985;175;;;;;7983.5;3097.25
1;32200;PINA_COLADAS;14944;28;14943;62;;;14946;28;14947;62;;;14945.0;2228.0625
1;32300;PEARLS;10000;3;9996;2;9995;30;10004;2;10005;30;;;10002.0;85.0
1;32300;COCONUTS;7983;153;;;;;7986;153;;;;;7984.5;2873.25
1;32300;PINA_COLADAS;14945;94;;;;;14948;94;;;;;14946.5;2132.6875
1;32300;BANANAS;4866;32;;;;;4872;32;;;;;4869.0;20.25
1;32400;COCONUTS;7982;43;7981;145;;;7984;188;;;;;7983.0;3324.75
1;32400;PEARLS;9998;2;9995;29;;;10005;29;;;;;10001.5;85.0
1;32400;PINA_COLADAS;14943;80;;;;;14946;80;;;;;14944.5;2273.875
1;32400;BANANAS;4867;2;4866;29;;;4873;29;;;;;4870.0;-92.125
1;32500;PINA_COLADAS;14943;91;;;;;14946;91;;;;;14944.5;2240.3125
1;32500;BANANAS;4865;26;;;;;4872;26;;;;;4868.5;216.75
1;32500;COCONUTS;7982;48;7981;140;;;7984;188;;;;;7983.0;3320.75
1;32500;PEARLS;10002;1;9996;2;9995;24;10004;2;10005;24;;;10003.0;85.0
1;32600;BANANAS;4866;1;4865;28;;;4872;28;;;;;4869.0;210.0
1;32600;COCONUTS;7982;190;;;;;7985;190;;;;;7983.5;3094.75
1;32600;PEARLS;9998;1;9996;2;9995;26;10004;2;10005;26;;;10001.0;87.0
1;32600;PINA_COLADAS;14945;112;;;;;14948;112;;;;;14946.5;2156.1875
1;32700;COCONUTS;7981;196;;;;;7982;44;7984;196;;;7981.5;3434.5
1;32700;PEARLS;9996;2;9995;30;;;10004;2;10005;30;;;10000.0;87.0
1;32700;PINA_COLADAS;14943;99;;;;;14946;99;;;;;14944.5;2267.125
1;32700;BANANAS;4865;32;;;;;4872;32;;;;;4868.5;133.25
1;32800;COCONUTS;7982;57;7981;125;;;7984;182;;;;;7983.0;3339.5
1;32800;PEARLS;9995;29;;;;;10005;29;;;;;10000.0;87.0
1;32800;PINA_COLADAS;14940;77;;;;;14943;77;;;;;14941.5;2425.75
1;32800;BANANAS;4865;29;;;;;4872;29;;;;;4868.5;270.625
1;32900;PINA_COLADAS;14943;80;;;;;14946;80;;;;;14944.5;2255.75
1;32900;BANANAS;4865;21;;;;;4870;10;4872;21;;;4867.5;215.625
1;32900;COCONUTS;7981;184;;;;;7984;184;;;;;7982.5;3405.25
1;32900;PEARLS;9996;1;9995;20;;;10002;10;10004;1;10005;20;9999.0;87.0
1;33000;BANANAS;4866;2;4865;28;;;4872;28;;;;;4869.0;217.125
1;33000;COCONUTS;7982;79;7981;120;;;7984;199;;;;;7983.0;3374.0
1;33000;PEARLS;9998;2;9995;28;;;10005;28;;;;;10001.5;87.0
1;33000;PINA_COLADAS;14942;31;14941;60;;;14945;91;;;;;14943.5;2337.6875
1;33100;COCONUTS;7982;149;;;;;7984;45;7985;104;;;7983.0;3289.0
1;33100;PEARLS;9996;1;9995;25;;;10004;1;10005;25;;;10000.0;87.0
1;33100;PINA_COLADAS;14940;95;;;;;14943;26;14944;69;;;14941.5;2411.0
1;33100;BANANAS;4865;26;;;;;4871;26;;;;;4868.0;312.125
1;33200;COCONUTS;7982;72;7981;118;;;7984;190;;;;;7983.0;3351.25
1;33200;PEARLS;9996;1;9995;23;;;10004;1;10005;23;;;10000.0;87.0
1;33200;PINA_COLADAS;14938;35;14937;66;;;14940;35;14941;66;;;14939.0;2579.625
1;33200;BANANAS;4871;1;4866;1;4865;23;4872;24;;;;;4871.5;17.375
1;33300;PINA_COLADAS;14940;72;;;;;14943;72;;;;;14941.5;2433.625
1;33300;BANANAS;4866;1;4865;30;;;4870;1;4872;31;;;4868.0;-7.0
1;33300;COCONUTS;7983;72;7982;106;;;7985;178;;;;;7984.0;2978.25
1;33300;PEARLS;9996;1;9995;30;;;10002;1;10004;1;10005;30;9999.0;87.0
1;33400;PEARLS;9995;20;;;;;10005;20;;;;;10000.0;87.0
1;33400;BANANAS;4866;20;;;;;4872;20;;;;;4869.0;-48.25
1;33400;COCONUTS;7983;174;;;;;7986;174;;;;;7984.5;2765.5
1;33400;PINA_COLADAS;14942;31;14941;68;;;14945;99;;;;;14943.5;2335.3125
1;33500;COCONUTS;7983;186;;;;;7985;64;7986;122;;;7984.0;2966.0
1;33500;PINA_COLADAS;14940;90;;;;;14943;34;14944;56;;;14941.5;2415.1875
1;33500;PEARLS;9996;2;9995;21;;;10002;4;10004;2;10005;21;9999.0;87.0
1;33500;BANANAS;4866;2;4865;21;;;4870;4;4872;23;;;4868.0;46.125
1;33600;PINA_COLADAS;14946;60;14945;50;;;14948;22;14949;50;;;14947.0;2112.0
1;33600;COCONUTS;7984;181;;;;;7987;181;;;;;7985.5;2533.75
1;33600;PEARLS;9995;27;;;;;9998;2;10005;27;;;9996.5;87.0
1;33600;BANANAS;4866;27;;;;;4872;27;;;;;4869.0;-39.125
1;33700;PINA_COLADAS;14949;103;;;;;14952;103;;;;;14950.5;1899.625
1;33700;PEARLS;9996;1;9995;25;;;10004;1;10005;25;;;10000.0;83.0
1;33700;BANANAS;4866;26;;;;;4872;1;4873;25;;;4869.0;-112.625
1;33700;COCONUTS;7986;191;;;;;7988;63;7989;128;;;7987.0;1926.5
1;33800;PEARLS;9995;21;;;;;10002;4;10005;21;;;9998.5;83.0
1;33800;BANANAS;4866;21;;;;;4871;4;4873;21;;;4868.5;-134.75
1;33800;PINA_COLADAS;14950;86;;;;;14953;23;14954;63;;;14951.5;1821.6875
1;33800;COCONUTS;7986;186;;;;;7989;186;;;;;7987.5;1714.75
1;33900;COCONUTS;7986;180;;;;;7989;180;;;;;7987.5;1839.25
1;33900;PINA_COLADAS;14951;101;;;;;14954;101;;;;;14952.5;1769.6875
1;33900;PEARLS;9996;1;9995;27;;;10004;1;10005;27;;;10000.0;83.0
1;33900;BANANAS;4866;28;;;;;4872;1;4873;27;;;4869.0;-81.5
1;34000;PINA_COLADAS;14953;21;14952;58;;;14955;21;14956;58;;;14954.0;1694.1875
1;34000;COCONUTS;7986;190;;;;;7989;190;;;;;7987.5;1815.5
1;34000;PEARLS;9996;2;9995;28;;;10004;2;10005;28;;;10000.0;131.0
1;34000;BANANAS;4871;1;4866;2;4865;28;4872;30;;;;;4871.5;25.125
1;34100;PINA_COLADAS;14953;98;;;;;14956;98;;;;;14954.5;1670.5
1;34100;BANANAS;4865;27;;;;;4872;27;;;;;4868.5;196.5
1;34100;PEARLS;9996;2;9995;25;;;10004;2;10005;25;;;10000.0;131.0
1;34100;COCONUTS;7987;179;;;;;7989;40;7990;139;;;7988.0;1569.75
1;34200;BANANAS;4865;32;;;;;4870;3;4871;2;4872;30;4867.5;234.25
1;34200;PEARLS;9996;2;9995;30;;;10002;2;10004;2;10005;30;9999.0;133.0
1;34200;PINA_COLADAS;14955;85;;;;;14958;85;;;;;14956.5;1544.5625
1;34200;COCONUTS;7988;192;;;;;7990;192;;;;;7989.0;1242.25
1;34300;COCONUTS;7989;76;7988;187;;;7991;187;;;;;7990.0;1049.0
1;34300;PINA_COLADAS;14956;97;;;;;14959;97;;;;;14957.5;1506.5625
1;34300;BANANAS;4864;29;;;;;4865;1;4871;29;;;4864.5;445.75
1;34300;PEARLS;9996;1;9995;28;;;10004;1;10005;28;;;10000.0;133.0
1;34400;COCONUTS;7987;158;;;;;7990;158;;;;;7988.5;1393.25
1;34400;PINA_COLADAS;14953;89;;;;;14956;89;;;;;14954.5;1682.375
1;34400;BANANAS;4864;30;;;;;4871;30;;;;;4867.5;548.375
1;34400;PEARLS;9996;2;9995;28;;;10004;2;10005;28;;;10000.0;133.0
1;34500;PINA_COLADAS;14953;23;14952;69;;;14956;92;;;;;14954.5;1685.0
1;34500;PEARLS;9996;2;9995;22;;;10004;2;10005;22;;;10000.0;133.0
1;34500;BANANAS;4864;24;;;;;4870;24;;;;;4867.0;653.75
1;34500;COCONUTS;7987;182;;;;;7989;67;7990;115;;;7988.0;1543.25
1;34600;PEARLS;9995;24;;;;;10005;24;;;;;10000.0;133.0
1;34600;BANANAS;4864;24;;;;;4871;24;;;;;4867.5;506.0
1;34600;COCONUTS;7987;201;;;;;7989;76;7990;125;;;7988.0;1562.75
1;34600;PINA_COLADAS;14954;93;;;;;14957;93;;;;;14955.5;1614.875
1;34700;PINA_COLADAS;14951;100;;;;;14954;100;;;;;14952.5;1799.1875
1;34700;PEARLS;9996;2;9995;23;;;10004;2;10005;23;;;10000.0;133.0
1;34700;BANANAS;4864;25;;;;;4871;25;;;;;4867.5;541.375
1;34700;COCONUTS;7986;175;;;;;7987;56;7988;48;7989;127;7986.5;1897.25
1;34800;PINA_COLADAS;14951;96;;;;;14954;38;14955;58;;;14952.5;1761.1875
1;34800;PEARLS;9998;3;9996;2;9995;22;10004;2;10005;22;;;10001.0;133.0
1;34800;BANANAS;4864;24;;;;;4865;1;4871;24;;;4864.5;544.375
1;34800;COCONUTS;7987;58;7986;181;;;7988;72;7989;109;;;7987.5;1889.0
1;34900;PINA_COLADAS;14952;23;14951;58;;;14953;38;14955;81;;;14952.5;1743.5
1;34900;PEARLS;9995;24;;;;;10005;24;;;;;10000.0;133.0
1;34900;BANANAS;4864;24;;;;;4871;24;;;;;4867.5;554.0
1;34900;COCONUTS;7986;151;;;;;7988;49;7989;102;;;7987.0;1890.5
1;35000;PEARLS;9995;29;;;;;10005;29;;;;;10000.0;133.0
1;35000;BANANAS;4864;29;;;;;4871;29;;;;;4867.5;509.5
1;35000;COCONUTS;7986;192;;;;;7989;192;;;;;7987.5;1849.5
1;35000;PINA_COLADAS;14952;90;;;;;14955;26;14956;64;;;14953.5;1704.625
1;35100;PINA_COLADAS;14954;111;;;;;14957;111;;;;;14955.5;1590.9375
1;35100;PEARLS;9996;2;9995;21;;;10004;2;10005;21;;;10000.0;133.0
1;35100;BANANAS;4864;23;;;;;4871;23;;;;;4867.5;518.25
1;35100;COCONUTS;7987;115;7986;144;;;7989;219;;;;;7988.0;1591.5
1;35200;PINA_COLADAS;14958;83;;;;;14961;83;;;;;14959.5;1365.5625
1;35200;PEARLS;9995;24;;;;;10005;24;;;;;10000.0;133.0
1;35200;BANANAS;4867;2;4864;24;;;4871;24;;;;;4869.0;481.125
1;35200;COCONUTS;7988;165;;;;;7991;165;;;;;7989.5;1106.75
1;35300;PINA_COLADAS;14958;95;;;;;14961;95;;;;;14959.5;1365.0625
1;35300;PEARLS;9998;8;9996;1;9995;22;10004;1;10005;22;;;10001.0;133.0
1;35300;BANANAS;4865;8;4864;23;;;4870;1;4871;22;;;4867.5;599.875
1;35300;COCONUTS;7988;175;;;;;7990;74;7991;101;;;7989.0;1228.25
1;35400;PEARLS;10002;1;9996;2;9995;25;10004;2;10005;25;;;10003.0;133.0
1;35400;BANANAS;4867;2;4864;27;;;4871;27;;;;;4869.0;526.25
1;35400;COCONUTS;7988;205;;;;;7989;50;7990;60;7991;145;7988.5;1239.0
1;35400;PINA_COLADAS;14958;88;;;;;14961;88;;;;;14959.5;1388.125
1;35500;PEARLS;9996;2;9995;27;;;10004;2;10005;27;;;10000.0;135.0
1;35500;BANANAS;4865;2;4864;27;;;4871;29;;;;;4868.0;387.25
1;35500;COCONUTS;7990;43;7989;188;;;7992;188;;;;;7991.0;804.25
1;35500;PINA_COLADAS;14961;99;;;;;14964;99;;;;;14962.5;1186.0
1;35600;PINA_COLADAS;14956;88;;;;;14959;99;;;;;14957.5;1464.9375
1;35600;BANANAS;4864;24;;;;;4869;3;4870;1;4871;23;4866.5;561.25
1;35600;COCONUTS;7987;215;;;;;7989;72;7990;143;;;7988.0;1560.75
1;35600;PEARLS;9996;1;9995;23;;;10002;3;10004;1;10005;23;9999.0;135.0
1;35700;BANANAS;4863;31;;;;;4868;9;4870;31;;;4865.5;783.5
1;35700;PINA_COLADAS;14956;28;14955;62;;;14958;28;14959;62;;;14957.0;1503.375
1;35700;PEARLS;9996;2;9995;29;;;10002;9;10004;2;10005;29;9999.0;135.0
1;35700;COCONUTS;7988;22;7986;210;;;7989;210;;;;;7988.5;1672.0
1;35800;BANANAS;4863;23;;;;;4870;23;;;;;4866.5;841.0
1;35800;PEARLS;9996;2;9995;21;;;10004;2;10005;21;;;10000.0;135.0
1;35800;COCONUTS;7987;157;;;;;7990;157;;;;;7988.5;1386.25
1;35800;PINA_COLADAS;14958;91;;;;;14961;91;;;;;14959.5;1316.6875
1;35900;BANANAS;4863;30;;;;;4870;30;;;;;4866.5;846.75
1;35900;PINA_COLADAS;14960;85;;;;;14963;31;14964;54;;;14961.5;1165.1875
1;35900;PEARLS;9996;2;9995;28;;;10004;2;10005;28;;;10000.0;135.0
1;35900;COCONUTS;7988;195;;;;;7990;50;7991;145;;;7989.0;1223.0
1;36000;PINA_COLADAS;14959;79;;;;;14962;79;;;;;14960.5;1255.8125
1;36000;BANANAS;4863;30;;;;;4868;9;4870;30;;;4865.5;897.5
1;36000;PEARLS;9995;30;;;;;10000;2;10002;9;10005;30;9997.5;135.0
1;36000;COCONUTS;7987;192;;;;;7990;192;;;;;7988.5;1458.5
1;36100;BANANAS;4864;7;4863;23;;;4870;23;;;;;4867.0;894.0
1;36100;PINA_COLADAS;14958;104;;;;;14961;37;14962;67;;;14959.5;1306.875
1;36100;PEARLS;9998;7;9996;2;9995;21;10004;2;10005;21;;;10001.0;135.0
1;36100;COCONUTS;7986;171;;;;;7989;171;;;;;7987.5;1761.25
1;36200;BANANAS;4865;5;4864;30;;;4870;30;;;;;4867.5;637.375
1;36200;PEARLS;9998;5;9996;1;9995;29;10004;1;10005;29;;;10001.0;135.0
1;36200;COCONUTS;7986;224;;;;;7989;224;;;;;7987.5;1821.75
1;36200;PINA_COLADAS;14958;95;;;;;14961;95;;;;;14959.5;1351.5
1;36300;BANANAS;4864;1;4863;30;;;4870;31;;;;;4867.0;711.625
1;36300;PINA_COLADAS;14959;98;;;;;14962;98;;;;;14960.5;1257.3125
1;36300;PEARLS;9996;1;9995;30;;;10004;1;10005;30;;;10000.0;135.0
1;36300;COCONUTS;7987;76;7986;125;;;7989;201;;;;;7988.0;1625.5
1;36400;PINA_COLADAS;14961;85;;;;;14964;85;;;;;14962.5;1142.375
1;36400;PEARLS;9996;1;9995;28;;;10002;8;10004;1;10005;28;9999.0;135.0
1;36400;COCONUTS;7987;178;;;;;7990;178;;;;;7988.5;1490.25
1;36400;BANANAS;4863;29;;;;;4867;8;4869;29;;;4865.0;1035.5
1;36500;BANANAS;4863;28;;;;;4869;2;4870;27;;;4866.0;991.375
1;36500;PINA_COLADAS;14960;114;;;;;14963;114;;;;;14961.5;1203.625
1;36500;PEARLS;9996;2;9995;27;;;10004;2;10005;27;;;10000.0;135.0
1;36500;COCONUTS;7987;79;7986;106;;;7989;185;;;;;7988.0;1595.0
1;36600;PEARLS;9996;1;9995;30;;;10000;2;10004;1;10005;30;9998.0;135.0
1;36600;COCONUTS;7985;151;;;;;7988;151;;;;;7986.5;2023.25
1;36600;BANANAS;4863;31;;;;;4869;1;4870;30;;;4866.0;958.125
1;36600;PINA_COLADAS;14958;28;14957;56;;;14960;28;14961;56;;;14959.0;1365.75
1;36700;BANANAS;4863;22;;;;;4869;1;4870;21;;;4866.0;945.0
1;36700;PEARLS;10002;1;9996;1;9995;21;10004;1;10005;21;;;10003.0;137.0
1;36700;COCONUTS;7985;51;7984;109;;;7987;160;;;;;7986.0;2290.0
1;36700;PINA_COLADAS;14957;76;;;;;14960;76;;;;;14958.5;1414.9375
1;36800;PINA_COLADAS;14958;31;14957;56;;;14960;31;14961;56;;;14959.0;1371.75
1;36800;COCONUTS;7985;193;;;;;7988;193;;;;;7986.5;2137.5
1;36800;PEARLS;9996;2;9995;23;;;10004;2;10005;23;;;10000.0;139.0
1;36800;BANANAS;4864;2;4863;23;;;4865;2;4870;25;;;4864.5;719.0
1;36900;BANANAS;4865;6;4864;22;;;4871;22;;;;;4868.0;589.125
1;36900;COCONUTS;7985;160;;;;;7988;160;;;;;7986.5;2098.0
1;36900;PEARLS;9998;6;9995;22;;;10005;22;;;;;10001.5;139.0
1;36900;PINA_COLADAS;14957;94;;;;;14960;94;;;;;14958.5;1405.1875
1;37000;COCONUTS;7985;164;;;;;7988;164;;;;;7986.5;2191.0
1;37000;PEARLS;9996;2;9995;20;;;10004;2;10005;20;;;10000.0;139.0
1;37000;BANANAS;4868;4;4864;22;;;4870;22;;;;;4869.0;646.0
1;37000;PINA_COLADAS;14956;106;;;;;14959;106;;;;;14957.5;1482.9375
1;37100;BANANAS;4863;24;;;;;4870;24;;;;;4866.5;694.875
1;37100;COCONUTS;7984;191;;;;;7987;191;;;;;7985.5;2366.25
1;37100;PEARLS;10000;5;9995;24;;;10005;24;;;;;10002.5;139.0
1;37100;PINA_COLADAS;14956;108;;;;;14959;108;;;;;14957.5;1478.375
1;37200;PINA_COLADAS;14957;88;;;;;14960;88;;;;;14958.5;1383.75
1;37200;COCONUTS;7984;196;;;;;7987;196;;;;;7985.5;2385.5
1;37200;PEARLS;9996;2;9995;27;;;10004;2;10005;27;;;10000.0;139.0
1;37200;BANANAS;4864;2;4863;27;;;4870;29;;;;;4867.0;751.5
1;37300;BANANAS;4864;23;;;;;4870;23;;;;;4867.0;679.5
1;37300;COCONUTS;7983;225;;;;;7986;225;;;;;7984.5;2700.25
1;37300;PEARLS;9996;1;9995;22;;;10004;1;10005;22;;;10000.0;139.0
1;37300;PINA_COLADAS;14956;23;14955;51;;;14958;23;14959;51;;;14957.0;1502.3125
1;37400;COCONUTS;7985;216;;;;;7987;76;7988;140;;;7986.0;2226.75
1;37400;PEARLS;9995;22;;;;;10005;22;;;;;10000.0;135.0
1;37400;BANANAS;4864;22;;;;;4871;22;;;;;4867.5;525.125
1;37400;PINA_COLADAS;14959;36;14958;60;;;14961;36;14962;60;;;14960.0;1292.75
1;37500;BANANAS;4863;31;;;;;4870;31;;;;;4866.5;843.5
1;37500;COCONUTS;7985;73;7984;135;;;7987;208;;;;;7986.0;2304.25
1;37500;PEARLS;10000;5;9996;1;9995;30;10004;1;10005;30;;;10002.0;135.0
1;37500;PINA_COLADAS;14958;36;14957;99;;;14960;99;;;;;14959.0;1392.125
1;37600;PINA_COLADAS;14957;111;;;;;14960;111;;;;;14958.5;1387.9375
1;37600;COCONUTS;7985;79;7984;128;;;7987;207;;;;;7986.0;2343.75
1;37600;PEARLS;9996;1;9995;24;;;10004;1;10005;24;;;10000.0;135.0
1;37600;BANANAS;4869;1;4864;25;;;4870;25;;;;;4869.5;638.75
1;37700;BANANAS;4863;20;;;;;4870;20;;;;;4866.5;793.5
1;37700;COCONUTS;7985;181;;;;;7988;181;;;;;7986.5;2199.5
1;37700;PEARLS;10002;1;9995;20;;;10005;20;;;;;10003.5;175.0
1;37700;PINA_COLADAS;14960;82;;;;;14963;82;;;;;14961.5;1208.5
1;37800;COCONUTS;7985;222;;;;;7987;72;7988;150;;;7986.0;2238.25
1;37800;PEARLS;9996;2;9995;23;;;10004;2;10005;23;;;10000.0;175.0
1;37800;BANANAS;4863;25;;;;;4870;25;;;;;4866.5;870.25
1;37800;PINA_COLADAS;14961;78;;;;;14964;78;;;;;14962.5;1140.625
1;37900;PEARLS;9996;2;9995;27;;;10004;2;10005;27;;;10000.0;183.0
1;37900;BANANAS;4863;29;;;;;4870;29;;;;;4866.5;852.125
1;37900;PINA_COLADAS;14959;88;;;;;14962;88;;;;;14960.5;1265.9375
1;37900;COCONUTS;7984;190;;;;;7987;190;;;;;7985.5;2526.0
1;38000;PINA_COLADAS;14959;82;;;;;14962;82;;;;;14960.5;1283.625
1;38000;COCONUTS;7984;212;;;;;7987;212;;;;;7985.5;2366.5
1;38000;PEARLS;9998;3;9995;30;;;10005;30;;;;;10001.5;183.0
1;38000;BANANAS;4864;3;4863;30;;;4870;30;;;;;4867.0;987.375
1;38100;PEARLS;9998;4;9996;1;9995;28;10004;1;10005;28;;;10001.0;183.0
1;38100;BANANAS;4864;4;4863;29;;;4869;29;;;;;4866.5;1025.75
1;38100;PINA_COLADAS;14954;97;;;;;14957;97;;;;;14955.5;1604.0625
1;38100;COCONUTS;7983;192;;;;;7986;192;;;;;7984.5;2886.0
1;38200;COCONUTS;7985;57;7984;107;;;7987;164;;;;;7986.0;2347.25
1;38200;PEARLS;9998;4;9996;2;9995;29;10004;2;10005;29;;;10001.0;183.0
1;38200;BANANAS;4864;4;4863;31;;;4869;2;4870;29;;;4866.5;951.75
1;38200;PINA_COLADAS;14956;95;;;;;14959;95;;;;;14957.5;1491.0625
1;38300;PEARLS;9995;22;;;;;10005;22;;;;;10000.0;183.0
1;38300;BANANAS;4863;22;;;;;4870;22;;;;;4866.5;823.375
1;38300;PINA_COLADAS;14957;91;;;;;14960;91;;;;;14958.5;1402.4375
1;38300;COCONUTS;7985;220;;;;;7988;220;;;;;7986.5;2052.75
1;38400;PINA_COLADAS;14955;103;;;;;14958;103;;;;;14956.5;1541.875
1;38400;COCONUTS;7984;162;;;;;7987;162;;;;;7985.5;2470.0
1;38400;PEARLS;9996;2;9995;29;;;10004;2;10005;29;;;10000.0;183.0
1;38400;BANANAS;4864;2;4863;29;;;4870;31;;;;;4867.0;746.25
1;38500;BANANAS;4864;2;4863;22;;;4870;24;;;;;4867.0;782.875
1;38500;PEARLS;9996;2;9995;22;;;10004;2;10005;22;;;10000.0;183.0
1;38500;PINA_COLADAS;14956;22;14955;100;;;14958;100;;;;;14957.0;1530.0
1;38500;COCONUTS;7984;172;;;;;7987;172;;;;;7985.5;2459.5
1;38600;COCONUTS;7983;191;;;;;7986;191;;;;;7984.5;2882.75
1;38600;BANANAS;4863;31;;;;;4870;31;;;;;4866.5;805.5
1;38600;PEARLS;10002;1;9996;2;9995;29;10004;2;10005;29;;;10003.0;183.0
1;38600;PINA_COLADAS;14954;89;;;;;14957;27;14958;62;;;14955.5;1587.875
1;38700;BANANAS;4864;1;4863;20;;;4870;22;;;;;4867.0;769.875
1;38700;PEARLS;9996;2;9995;20;;;10004;2;10005;20;;;10000.0;183.0
1;38700;PINA_COLADAS;14954;83;;;;;14957;83;;;;;14955.5;1628.0
1;38700;COCONUTS;7982;182;;;;;7985;182;;;;;7983.5;3192.5
1;38800;PINA_COLADAS;14952;34;14951;58;;;14955;92;;;;;14953.5;1782.125
1;38800;COCONUTS;7981;173;;;;;7983;44;7984;129;;;7982.0;3647.75
1;38800;BANANAS;4864;27;;;;;4870;27;;;;;4867.0;666.125
1;38800;PEARLS;9996;2;9995;25;;;10004;2;10005;25;;;10000.0;191.0
1;38900;PEARLS;9996;2;9995;23;;;10004;2;10005;23;;;10000.0;191.0
1;38900;BANANAS;4864;25;;;;;4870;25;;;;;4867.0;662.125
1;38900;COCONUTS;7980;205;;;;;7983;205;;;;;7981.5;3850.75
1;38900;PINA_COLADAS;14951;38;14950;53;;;14953;38;14954;53;;;14952.0;1864.875
1;39000;PEARLS;9996;1;9995;23;;;10000;3;10004;1;10005;23;9998.0;191.0
1;39000;BANANAS;4864;24;;;;;4870;24;;;;;4867.0;648.625
1;39000;COCONUTS;7979;174;;;;;7982;174;;;;;7980.5;4176.75
1;39000;PINA_COLADAS;14950;84;;;;;14953;84;;;;;14951.5;1906.375
1;39100;PEARLS;9996;2;9995;28;;;9998;3;10004;2;10005;28;9997.0;191.0
1;39100;BANANAS;4863;30;;;;;4869;2;4870;28;;;4866.0;940.0
1;39100;COCONUTS;7981;68;7980;101;;;7983;169;;;;;7982.0;3708.0
1;39100;PINA_COLADAS;14953;29;14952;74;;;14956;103;;;;;14954.5;1710.0
1;39200;PINA_COLADAS;14949;81;;;;;14952;81;;;;;14950.5;1978.625
1;39200;PEARLS;9995;21;;;;;10000;4;10005;21;;;9997.5;189.0
1;39200;BANANAS;4863;21;;;;;4870;21;;;;;4866.5;788.875
1;39200;COCONUTS;7981;178;;;;;7983;53;7984;125;;;7982.0;3648.5
1;39300;PEARLS;9995;24;;;;;10005;24;;;;;10000.0;179.0
1;39300;BANANAS;4863;24;;;;;4870;24;;;;;4866.5;874.875
1;39300;COCONUTS;7981;62;7980;103;;;7983;165;;;;;7982.0;3684.75
1;39300;PINA_COLADAS;14948;83;;;;;14951;83;;;;;14949.5;2071.0
1;39400;PEARLS;9995;21;;;;;10005;21;;;;;10000.0;179.0
1;39400;BANANAS;4863;21;;;;;4870;21;;;;;4866.5;819.125
1;39400;COCONUTS;7982;170;;;;;7985;170;;;;;7983.5;3233.25
1;39400;PINA_COLADAS;14949;82;;;;;14952;82;;;;;14950.5;1998.25
1;39500;PEARLS;9995;29;;;;;10005;29;;;;;10000.0;179.0
1;39500;BANANAS;4863;29;;;;;4870;29;;;;;4866.5;840.75
1;39500;COCONUTS;7981;196;;;;;7984;196;;;;;7982.5;3480.25
1;39500;PINA_COLADAS;14950;90;;;;;14953;90;;;;;14951.5;1923.875
1;39600;PINA_COLADAS;14953;32;14952;61;;;14956;93;;;;;14954.5;1710.0
1;39600;PEARLS;9996;1;9995;30;;;10004;1;10005;30;;;10000.0;179.0
1;39600;BANANAS;4865;2;4863;1;4862;30;4869;31;;;;;4867.0;1086.875
1;39600;COCONUTS;7983;42;7982;119;;;7985;161;;;;;7984.0;2993.25
1;39700;PEARLS;9996;1;9995;29;;;10000;6;10004;1;10005;29;9998.0;179.0
1;39700;BANANAS;4862;29;;;;;4869;30;;;;;4865.5;1241.25
1;39700;COCONUTS;7982;211;;;;;7985;211;;;;;7983.5;3201.5
1;39700;PINA_COLADAS;14953;103;;;;;14956;103;;;;;14954.5;1701.125
