timestamp;buyer;seller;symbol;currency;price;quantity
100;;;BERRIES;SEASHELLS;3854.0;19
100;;;PEARLS;SEASHELLS;9998.0;1
200;;;DIP;SEASHELLS;7094.0;7
200;;;BANANAS;SEASHELLS;4827.0;1
200;;;PEARLS;SEASHELLS;9998.0;1
300;;;BANANAS;SEASHELLS;4822.0;1
400;;;BANANAS;SEASHELLS;4823.0;5
500;;;PEARLS;SEASHELLS;10005.0;2
500;;;BANANAS;SEASHELLS;4828.0;2
500;;;BERRIES;SEASHELLS;3854.0;6
600;;;BAGUETTE;SEASHELLS;12247.0;6
1000;;;PEARLS;SEASHELLS;10002.0;1
1000;;;DIP;SEASHELLS;7099.0;4
1000;;;PEARLS;SEASHELLS;10002.0;2
1200;;;DIP;SEASHELLS;7096.0;9
1200;;;BANANAS;SEASHELLS;4822.0;1
1300;;;PICNIC_BASKET;SEASHELLS;74297.0;6
1300;;;PEARLS;SEASHELLS;9998.0;1
1300;;;DIVING_GEAR;SEASHELLS;99179.0;3
1300;;;DIVING_GEAR;SEASHELLS;99179.0;3
1500;;;BANANAS;SEASHELLS;4822.0;1
1600;;;PEARLS;SEASHELLS;9996.0;1
1700;;;UKULELE;SEASHELLS;20965.0;3
1900;;;PEARLS;SEASHELLS;9998.0;8
1900;;;PEARLS;SEASHELLS;9998.0;4
2000;;;UKULELE;SEASHELLS;20970.0;2
2300;;;UKULELE;SEASHELLS;20968.0;2
2400;;;DIVING_GEAR;SEASHELLS;99170.0;1
2500;;;DIP;SEASHELLS;7095.0;6
2500;;;DIVING_GEAR;SEASHELLS;99181.0;2
2700;;;BAGUETTE;SEASHELLS;12238.0;5
2800;;;DIP;SEASHELLS;7090.0;9
2900;;;DIP;SEASHELLS;7090.0;10
3200;;;PEARLS;SEASHELLS;10004.0;1
3200;;;BANANAS;SEASHELLS;4828.0;2
3200;;;PEARLS;SEASHELLS;10004.0;1
3400;;;PEARLS;SEASHELLS;9998.0;1
3500;;;BANANAS;SEASHELLS;4825.0;4
3600;;;PEARLS;SEASHELLS;10002.0;5
3600;;;BAGUETTE;SEASHELLS;12239.0;4
3600;;;PEARLS;SEASHELLS;10002.0;3
3900;;;PEARLS;SEASHELLS;10002.0;4
3900;;;COCONUTS;SEASHELLS;7921.0;10
4300;;;BERRIES;SEASHELLS;3847.0;4
4600;;;BANANAS;SEASHELLS;4825.0;1
4900;;;PEARLS;SEASHELLS;10004.0;2
4900;;;UKULELE;SEASHELLS;20960.0;7
4900;;;BANANAS;SEASHELLS;4824.0;2
5000;;;BAGUETTE;SEASHELLS;12223.0;4
5000;;;BANANAS;SEASHELLS;4820.0;3
5100;;;DIVING_GEAR;SEASHELLS;99178.0;1
5300;;;COCONUTS;SEASHELLS;7923.0;46
5500;;;DIP;SEASHELLS;7084.0;4
5700;;;PICNIC_BASKET;SEASHELLS;74216.0;1
5700;;;PICNIC_BASKET;SEASHELLS;74217.0;1
5800;;;BANANAS;SEASHELLS;4818.0;1
5900;;;PEARLS;SEASHELLS;9996.0;1
5900;;;BANANAS;SEASHELLS;4817.0;1
6100;;;UKULELE;SEASHELLS;20966.0;5
6200;;;DIP;SEASHELLS;7086.0;3
6300;;;BANANAS;SEASHELLS;4818.0;5
6300;;;BANANAS;SEASHELLS;4817.0;2
6500;;;BERRIES;SEASHELLS;3847.0;13
6800;;;DIP;SEASHELLS;7087.0;5
6900;;;UKULELE;SEASHELLS;20963.0;2
6900;;;DIVING_GEAR;SEASHELLS;99185.0;2
6900;;;DIVING_GEAR;SEASHELLS;99188.0;1
7100;;;COCONUTS;SEASHELLS;7914.0;40
7200;;;BAGUETTE;SEASHELLS;12210.0;5
7300;;;PICNIC_BASKET;SEASHELLS;74259.0;1
7300;;;DIP;SEASHELLS;7088.0;8
7400;;;DIP;SEASHELLS;7090.0;6
7400;;;BANANAS;SEASHELLS;4815.0;1
7400;;;BAGUETTE;SEASHELLS;12210.0;4
7500;;;DIP;SEASHELLS;7092.0;7
7800;;;BANANAS;SEASHELLS;4819.0;1
7800;;;PEARLS;SEASHELLS;10002.0;2
7900;;;PEARLS;SEASHELLS;10004.0;1
7900;;;DIP;SEASHELLS;7088.0;5
7900;;;PEARLS;SEASHELLS;10004.0;8
8000;;;PINA_COLADAS;SEASHELLS;14829.0;2
8100;;;BERRIES;SEASHELLS;3845.0;11
8200;;;DIP;SEASHELLS;7089.0;5
8200;;;BAGUETTE;SEASHELLS;12209.0;7
8200;;;DIVING_GEAR;SEASHELLS;99143.0;1
8500;;;BANANAS;SEASHELLS;4819.0;2
8500;;;BANANAS;SEASHELLS;4819.0;13
8600;;;PEARLS;SEASHELLS;10004.0;6
8600;;;BAGUETTE;SEASHELLS;12212.0;5
8600;;;DIVING_GEAR;SEASHELLS;99143.0;1
8600;;;PEARLS;SEASHELLS;10004.0;1
8700;;;DIVING_GEAR;SEASHELLS;99155.0;3
8800;;;DIVING_GEAR;SEASHELLS;99150.0;1
8900;;;PICNIC_BASKET;SEASHELLS;74258.0;3
9100;;;BANANAS;SEASHELLS;4814.0;7
9100;;;PICNIC_BASKET;SEASHELLS;74242.0;1
9100;;;BANANAS;SEASHELLS;4814.0;3
9100;;;BAGUETTE;SEASHELLS;12212.0;8
9100;;;BAGUETTE;SEASHELLS;12212.0;5
9300;;;COCONUTS;SEASHELLS;7914.0;10
9400;;;BAGUETTE;SEASHELLS;12207.0;8
9400;;;BANANAS;SEASHELLS;4814.0;1
9500;;;BAGUETTE;SEASHELLS;12203.0;6
9600;;;PEARLS;SEASHELLS;9998.0;2
9600;;;BANANAS;SEASHELLS;4819.0;1
9700;;;PEARLS;SEASHELLS;9996.0;1
9800;;;UKULELE;SEASHELLS;20954.0;4
9800;;;COCONUTS;SEASHELLS;7914.0;8
9900;;;DIP;SEASHELLS;7083.0;5
9900;;;BAGUETTE;SEASHELLS;12192.0;4
9900;;;BANANAS;SEASHELLS;4818.0;1
10100;;;DIP;SEASHELLS;7082.0;4
10200;;;BANANAS;SEASHELLS;4814.0;8
10300;;;UKULELE;SEASHELLS;20952.0;3
10300;;;DIVING_GEAR;SEASHELLS;99120.0;2
10400;;;COCONUTS;SEASHELLS;7916.0;10
10500;;;PEARLS;SEASHELLS;9995.0;2
10500;;;PEARLS;SEASHELLS;10002.0;1
10500;;;BANANAS;SEASHELLS;4813.0;2
10600;;;COCONUTS;SEASHELLS;7921.0;10
10600;;;BANANAS;SEASHELLS;4817.0;1
10800;;;DIP;SEASHELLS;7078.0;8
10900;;;BERRIES;SEASHELLS;3851.0;9
11300;;;PEARLS;SEASHELLS;9998.0;1
11300;;;DIVING_GEAR;SEASHELLS;99113.0;1
11700;;;PEARLS;SEASHELLS;10002.0;1
12100;;;PEARLS;SEASHELLS;9998.0;1
12100;;;UKULELE;SEASHELLS;20949.0;1
12100;;;BANANAS;SEASHELLS;4817.0;1
12200;;;BANANAS;SEASHELLS;4810.0;1
12500;;;PINA_COLADAS;SEASHELLS;14852.0;21
13000;;;PEARLS;SEASHELLS;9998.0;1
13000;;;DIP;SEASHELLS;7080.0;8
13100;;;PEARLS;SEASHELLS;10002.0;3
13200;;;PICNIC_BASKET;SEASHELLS;74205.0;1
13300;;;DIP;SEASHELLS;7080.0;8
13400;;;BAGUETTE;SEASHELLS;12191.0;6
13400;;;COCONUTS;SEASHELLS;7930.0;10
13600;;;PEARLS;SEASHELLS;10002.0;1
13900;;;BANANAS;SEASHELLS;4810.0;1
14300;;;BAGUETTE;SEASHELLS;12203.0;4
14300;;;DIP;SEASHELLS;7077.0;5
14400;;;DIP;SEASHELLS;7079.0;6
14400;;;BERRIES;SEASHELLS;3848.0;10
14700;;;BANANAS;SEASHELLS;4817.0;10
14700;;;UKULELE;SEASHELLS;20943.0;1
14700;;;BANANAS;SEASHELLS;4815.0;1
15000;;;PEARLS;SEASHELLS;9998.0;3
15000;;;BANANAS;SEASHELLS;4815.0;1
15100;;;BAGUETTE;SEASHELLS;12214.0;4
15200;;;DIP;SEASHELLS;7080.0;5
15200;;;PINA_COLADAS;SEASHELLS;14859.0;8
15500;;;PEARLS;SEASHELLS;10002.0;1
15500;;;BANANAS;SEASHELLS;4811.0;1
15600;;;BERRIES;SEASHELLS;3846.0;17
15600;;;PEARLS;SEASHELLS;10002.0;1
15700;;;BERRIES;SEASHELLS;3840.0;10
16100;;;BANANAS;SEASHELLS;4811.0;1
16100;;;PEARLS;SEASHELLS;9996.0;1
16200;;;UKULELE;SEASHELLS;20945.0;4
16200;;;BAGUETTE;SEASHELLS;12213.0;6
16400;;;BAGUETTE;SEASHELLS;12211.0;3
16600;;;DIP;SEASHELLS;7071.0;4
16600;;;BANANAS;SEASHELLS;4818.0;2
16700;;;BANANAS;SEASHELLS;4818.0;2
16700;;;UKULELE;SEASHELLS;20952.0;3
16700;;;PEARLS;SEASHELLS;10004.0;2
16800;;;DIP;SEASHELLS;7070.0;6
16900;;;PINA_COLADAS;SEASHELLS;14864.0;21
16900;;;PINA_COLADAS;SEASHELLS;14864.0;11
16900;;;PEARLS;SEASHELLS;10002.0;1
17000;;;PEARLS;SEASHELLS;10002.0;5
17000;;;PEARLS;SEASHELLS;9998.0;3
17200;;;PEARLS;SEASHELLS;10002.0;1
17300;;;DIVING_GEAR;SEASHELLS;99170.0;1
17400;;;BERRIES;SEASHELLS;3841.0;11
17400;;;BAGUETTE;SEASHELLS;12213.0;6
17800;;;PEARLS;SEASHELLS;10002.0;1
17900;;;BAGUETTE;SEASHELLS;12209.0;5
17900;;;BANANAS;SEASHELLS;4816.0;1
18000;;;BANANAS;SEASHELLS;4816.0;1
18000;;;BANANAS;SEASHELLS;4816.0;0
18000;;;PEARLS;SEASHELLS;9998.0;2
18000;;;BANANAS;SEASHELLS;4816.0;9
18000;;;BANANAS;SEASHELLS;4816.0;1
18300;;;UKULELE;SEASHELLS;20941.0;6
18600;;;BANANAS;SEASHELLS;4811.0;1
18700;;;BANANAS;SEASHELLS;4817.0;1
18700;;;BAGUETTE;SEASHELLS;12208.0;7
18800;;;UKULELE;SEASHELLS;20945.0;4
18900;;;BAGUETTE;SEASHELLS;12210.0;4
18900;;;PEARLS;SEASHELLS;9996.0;1
19200;;;PEARLS;SEASHELLS;10002.0;1
19200;;;BANANAS;SEASHELLS;4817.0;1
19500;;;PEARLS;SEASHELLS;9998.0;2
19500;;;BANANAS;SEASHELLS;4813.0;2
19600;;;UKULELE;SEASHELLS;20955.0;5
19700;;;BANANAS;SEASHELLS;4813.0;1
19900;;;PEARLS;SEASHELLS;9996.0;7
19900;;;PEARLS;SEASHELLS;9996.0;2
20000;;;UKULELE;SEASHELLS;20960.0;1
20100;;;BAGUETTE;SEASHELLS;12206.0;5
20100;;;BANANAS;SEASHELLS;4818.0;2
20100;;;PEARLS;SEASHELLS;10004.0;2
20300;;;PEARLS;SEASHELLS;9998.0;1
20300;;;BANANAS;SEASHELLS;4813.0;1
20300;;;BAGUETTE;SEASHELLS;12212.0;3
20400;;;PEARLS;SEASHELLS;9995.0;5
20700;;;DIVING_GEAR;SEASHELLS;99129.0;3
20800;;;DIP;SEASHELLS;7066.0;4
20900;;;PEARLS;SEASHELLS;9998.0;1
21000;;;PICNIC_BASKET;SEASHELLS;74193.0;2
21000;;;DIVING_GEAR;SEASHELLS;99144.0;3
21000;;;BANANAS;SEASHELLS;4815.0;4
21100;;;UKULELE;SEASHELLS;20957.0;5
21100;;;PEARLS;SEASHELLS;10002.0;2
21300;;;BANANAS;SEASHELLS;4819.0;1
21400;;;DIP;SEASHELLS;7066.0;5
21400;;;PEARLS;SEASHELLS;10002.0;3
21500;;;DIVING_GEAR;SEASHELLS;99114.0;2
21500;;;PEARLS;SEASHELLS;9998.0;1
21500;;;PINA_COLADAS;SEASHELLS;14860.0;5
21600;;;BANANAS;SEASHELLS;4816.0;4
21700;;;UKULELE;SEASHELLS;20948.0;3
21800;;;UKULELE;SEASHELLS;20954.0;5
21800;;;BERRIES;SEASHELLS;3850.0;9
22100;;;UKULELE;SEASHELLS;20950.0;1
22400;;;DIP;SEASHELLS;7067.0;9
22500;;;BAGUETTE;SEASHELLS;12223.0;6
22600;;;PEARLS;SEASHELLS;9995.0;2
22900;;;UKULELE;SEASHELLS;20944.0;5
23100;;;DIP;SEASHELLS;7073.0;8
23200;;;UKULELE;SEASHELLS;20946.0;3
23300;;;BANANAS;SEASHELLS;4816.0;1
23400;;;BANANAS;SEASHELLS;4816.0;11
23600;;;DIVING_GEAR;SEASHELLS;99075.0;1
23600;;;UKULELE;SEASHELLS;20949.0;2
23600;;;PEARLS;SEASHELLS;10002.0;3
23600;;;DIP;SEASHELLS;7073.0;3
23700;;;PEARLS;SEASHELLS;10004.0;1
23700;;;BANANAS;SEASHELLS;4822.0;1
23900;;;PICNIC_BASKET;SEASHELLS;74239.0;4
23900;;;PICNIC_BASKET;SEASHELLS;74239.0;2
24000;;;DIP;SEASHELLS;7072.0;9
24300;;;UKULELE;SEASHELLS;20948.0;1
24400;;;BANANAS;SEASHELLS;4816.0;1
24400;;;BAGUETTE;SEASHELLS;12217.0;9
24400;;;PEARLS;SEASHELLS;9998.0;2
24400;;;UKULELE;SEASHELLS;20946.0;3
24500;;;DIVING_GEAR;SEASHELLS;99066.0;1
24600;;;BANANAS;SEASHELLS;4817.0;3
24600;;;DIP;SEASHELLS;7075.0;8
24700;;;BANANAS;SEASHELLS;4820.0;1
24700;;;BAGUETTE;SEASHELLS;12218.0;7
24900;;;BAGUETTE;SEASHELLS;12220.0;7
24900;;;UKULELE;SEASHELLS;20953.0;3
25100;;;PICNIC_BASKET;SEASHELLS;74245.0;1
25100;;;BAGUETTE;SEASHELLS;12220.0;5
25200;;;BANANAS;SEASHELLS;4819.0;5
25200;;;BANANAS;SEASHELLS;4819.0;5
25400;;;PICNIC_BASKET;SEASHELLS;74229.0;2
25500;;;UKULELE;SEASHELLS;20948.0;3
25500;;;BERRIES;SEASHELLS;3844.0;16
25500;;;PEARLS;SEASHELLS;9998.0;1
25500;;;PEARLS;SEASHELLS;9998.0;3
25600;;;UKULELE;SEASHELLS;20953.0;3
25600;;;BAGUETTE;SEASHELLS;12226.0;8
25700;;;PEARLS;SEASHELLS;10004.0;1
25700;;;PEARLS;SEASHELLS;10004.0;4
25800;;;DIP;SEASHELLS;7081.0;4
25900;;;PEARLS;SEASHELLS;10002.0;1
25900;;;PEARLS;SEASHELLS;10002.0;2
25900;;;BAGUETTE;SEASHELLS;12225.0;5
26000;;;BAGUETTE;SEASHELLS;12227.0;7
26000;;;PEARLS;SEASHELLS;9998.0;1
26100;;;BANANAS;SEASHELLS;4814.0;1
26200;;;BERRIES;SEASHELLS;3844.0;15
26200;;;BANANAS;SEASHELLS;4818.0;3
26400;;;PICNIC_BASKET;SEASHELLS;74263.0;6
26400;;;PINA_COLADAS;SEASHELLS;14869.0;2
26400;;;PICNIC_BASKET;SEASHELLS;74264.0;1
26400;;;BAGUETTE;SEASHELLS;12231.0;5
26600;;;BAGUETTE;SEASHELLS;12238.0;8
26700;;;BAGUETTE;SEASHELLS;12239.0;7
26800;;;BAGUETTE;SEASHELLS;12239.0;8
26800;;;BANANAS;SEASHELLS;4820.0;1
26900;;;DIP;SEASHELLS;7078.0;8
27000;;;BANANAS;SEASHELLS;4816.0;4
27000;;;BANANAS;SEASHELLS;4820.0;4
27000;;;BAGUETTE;SEASHELLS;12244.0;6
27100;;;BANANAS;SEASHELLS;4821.0;1
27100;;;PEARLS;SEASHELLS;10004.0;1
27100;;;BERRIES;SEASHELLS;3850.0;10
27200;;;DIVING_GEAR;SEASHELLS;99122.0;1
27300;;;BERRIES;SEASHELLS;3842.0;1
27400;;;BERRIES;SEASHELLS;3849.0;9
27400;;;BAGUETTE;SEASHELLS;12239.0;6
27500;;;DIP;SEASHELLS;7077.0;12
27500;;;DIVING_GEAR;SEASHELLS;99114.0;2
27600;;;PEARLS;SEASHELLS;10005.0;7
27800;;;PEARLS;SEASHELLS;10002.0;1
28000;;;UKULELE;SEASHELLS;20977.0;5
28200;;;BANANAS;SEASHELLS;4814.0;1
28200;;;PEARLS;SEASHELLS;9998.0;1
28200;;;BANANAS;SEASHELLS;4814.0;3
28400;;;PEARLS;SEASHELLS;10002.0;4
28400;;;UKULELE;SEASHELLS;20991.0;3
28500;;;BERRIES;SEASHELLS;3849.0;2
28600;;;PEARLS;SEASHELLS;10002.0;1
28600;;;PEARLS;SEASHELLS;9995.0;10
28800;;;PEARLS;SEASHELLS;9995.0;2
28800;;;BANANAS;SEASHELLS;4811.0;2
29000;;;BAGUETTE;SEASHELLS;12239.0;5
29000;;;BANANAS;SEASHELLS;4817.0;7
29100;;;BANANAS;SEASHELLS;4816.0;1
29100;;;PEARLS;SEASHELLS;10002.0;1
29200;;;PINA_COLADAS;SEASHELLS;14876.0;8
29200;;;BAGUETTE;SEASHELLS;12237.0;7
29300;;;BAGUETTE;SEASHELLS;12236.0;5
29400;;;BANANAS;SEASHELLS;4816.0;1
29400;;;DIVING_GEAR;SEASHELLS;99145.0;3
29500;;;DIP;SEASHELLS;7077.0;8
29700;;;UKULELE;SEASHELLS;20976.0;5
29800;;;PEARLS;SEASHELLS;9996.0;1
29800;;;BANANAS;SEASHELLS;4811.0;1
29900;;;PEARLS;SEASHELLS;9998.0;1
30000;;;DIP;SEASHELLS;7075.0;8
30100;;;DIP;SEASHELLS;7076.0;10
30100;;;COCONUTS;SEASHELLS;7937.0;30
30100;;;BAGUETTE;SEASHELLS;12238.0;6
30300;;;PINA_COLADAS;SEASHELLS;14889.0;2
30700;;;DIVING_GEAR;SEASHELLS;99145.0;1
30800;;;DIP;SEASHELLS;7071.0;9
30800;;;BAGUETTE;SEASHELLS;12233.0;3
30800;;;BANANAS;SEASHELLS;4817.0;12
30900;;;DIP;SEASHELLS;7072.0;6
30900;;;UKULELE;SEASHELLS;20966.0;4
31000;;;UKULELE;SEASHELLS;20962.0;3
31200;;;UKULELE;SEASHELLS;20960.0;4
31200;;;BERRIES;SEASHELLS;3852.0;11
31300;;;BANANAS;SEASHELLS;4817.0;1
31600;;;UKULELE;SEASHELLS;20956.0;2
31700;;;UKULELE;SEASHELLS;20960.0;3
31700;;;BERRIES;SEASHELLS;3845.0;12
31700;;;BANANAS;SEASHELLS;4818.0;1
31800;;;BANANAS;SEASHELLS;4819.0;12
31900;;;BANANAS;SEASHELLS;4819.0;15
32000;;;BANANAS;SEASHELLS;4813.0;12
32100;;;BANANAS;SEASHELLS;4819.0;12
32300;;;UKULELE;SEASHELLS;20973.0;1
32300;;;PINA_COLADAS;SEASHELLS;14882.0;25
32400;;;PICNIC_BASKET;SEASHELLS;74181.0;1
32400;;;DIP;SEASHELLS;7070.0;8
32500;;;UKULELE;SEASHELLS;20972.0;1
32600;;;BAGUETTE;SEASHELLS;12221.0;9
32700;;;PICNIC_BASKET;SEASHELLS;74182.0;1
32800;;;DIVING_GEAR;SEASHELLS;99127.0;1
32800;;;BAGUETTE;SEASHELLS;12225.0;5
32800;;;BERRIES;SEASHELLS;3844.0;13
32900;;;BANANAS;SEASHELLS;4813.0;1
32900;;;DIVING_GEAR;SEASHELLS;99129.0;1
33100;;;BAGUETTE;SEASHELLS;12227.0;8
33100;;;BANANAS;SEASHELLS;4813.0;1
33200;;;BANANAS;SEASHELLS;4818.0;9
33200;;;UKULELE;SEASHELLS;20969.0;6
33300;;;BANANAS;SEASHELLS;4817.0;3
33300;;;UKULELE;SEASHELLS;20969.0;4
33600;;;PEARLS;SEASHELLS;10004.0;1
33600;;;BANANAS;SEASHELLS;4818.0;1
33600;;;PICNIC_BASKET;SEASHELLS;74142.0;2
33800;;;DIP;SEASHELLS;7067.0;10
34000;;;DIVING_GEAR;SEASHELLS;99122.0;2
34800;;;PEARLS;SEASHELLS;10002.0;1
35000;;;BANANAS;SEASHELLS;4815.0;2
35100;;;DIP;SEASHELLS;7076.0;8
35200;;;DIP;SEASHELLS;7077.0;7
35200;;;BANANAS;SEASHELLS;4816.0;1
35200;;;PEARLS;SEASHELLS;9996.0;1
35500;;;DIP;SEASHELLS;7074.0;7
35800;;;DIP;SEASHELLS;7072.0;3
35900;;;DIP;SEASHELLS;7074.0;5
35900;;;DIVING_GEAR;SEASHELLS;99123.0;2
36000;;;DIP;SEASHELLS;7071.0;3
36000;;;BERRIES;SEASHELLS;3853.0;13
36000;;;COCONUTS;SEASHELLS;7949.0;9
36100;;;UKULELE;SEASHELLS;20971.0;2
36100;;;BAGUETTE;SEASHELLS;12225.0;6
36100;;;COCONUTS;SEASHELLS;7946.0;54
36200;;;BANANAS;SEASHELLS;4814.0;5
36600;;;BANANAS;SEASHELLS;4818.0;1
36600;;;BANANAS;SEASHELLS;4812.0;13
36700;;;BERRIES;SEASHELLS;3851.0;5
36800;;;BANANAS;SEASHELLS;4813.0;1
36800;;;BANANAS;SEASHELLS;4813.0;2
36800;;;PEARLS;SEASHELLS;9998.0;1
36900;;;BANANAS;SEASHELLS;4813.0;1
37000;;;PICNIC_BASKET;SEASHELLS;74199.0;9
37100;;;BANANAS;SEASHELLS;4819.0;3
37100;;;BANANAS;SEASHELLS;4819.0;18
37200;;;BAGUETTE;SEASHELLS;12230.0;3
37300;;;DIP;SEASHELLS;7071.0;9
37300;;;PICNIC_BASKET;SEASHELLS;74197.0;10
37400;;;BAGUETTE;SEASHELLS;12229.0;7
37600;;;PINA_COLADAS;SEASHELLS;14888.0;25
37700;;;BANANAS;SEASHELLS;4819.0;1
37800;;;PEARLS;SEASHELLS;9998.0;2
37800;;;BANANAS;SEASHELLS;4815.0;2
37900;;;DIVING_GEAR;SEASHELLS;99131.0;2
37900;;;DIVING_GEAR;SEASHELLS;99131.0;2
38000;;;BAGUETTE;SEASHELLS;12219.0;6
38100;;;BERRIES;SEASHELLS;3851.0;13
38300;;;BANANAS;SEASHELLS;4818.0;8
38500;;;BERRIES;SEASHELLS;3844.0;16
38800;;;PEARLS;SEASHELLS;10005.0;5
39000;;;BAGUETTE;SEASHELLS;12226.0;6
39300;;;PICNIC_BASKET;SEASHELLS;74144.0;5
39400;;;DIP;SEASHELLS;7070.0;8
39500;;;UKULELE;SEASHELLS;20973.0;3
39500;;;BANANAS;SEASHELLS;4819.0;1
39800;;;BANANAS;SEASHELLS;4816.0;4
40000;;;DIVING_GEAR;SEASHELLS;99101.0;3
40100;;;DIP;SEASHELLS;7069.0;4
40100;;;BERRIES;SEASHELLS;3846.0;15
40200;;;DIP;SEASHELLS;7068.0;8
40200;;;BAGUETTE;SEASHELLS;12217.0;6
40400;;;DIP;SEASHELLS;7067.0;7
40600;;;BERRIES;SEASHELLS;3855.0;12
40700;;;BANANAS;SEASHELLS;4817.0;5
41100;;;PEARLS;SEASHELLS;10002.0;3
41100;;;UKULELE;SEASHELLS;20978.0;3
41200;;;DIP;SEASHELLS;7069.0;10
41300;;;BAGUETTE;SEASHELLS;12209.0;3
41400;;;PICNIC_BASKET;SEASHELLS;74097.0;2
41400;;;PICNIC_BASKET;SEASHELLS;74096.0;4
41600;;;COCONUTS;SEASHELLS;7937.0;7
41600;;;BAGUETTE;SEASHELLS;12206.0;8
41900;;;DIP;SEASHELLS;7068.0;8
42000;;;BAGUETTE;SEASHELLS;12211.0;8
42000;;;DIP;SEASHELLS;7067.0;5
42200;;;COCONUTS;SEASHELLS;7940.0;8
42600;;;BERRIES;SEASHELLS;3856.0;7
42600;;;BAGUETTE;SEASHELLS;12218.0;8
42600;;;UKULELE;SEASHELLS;20972.0;3
42700;;;BAGUETTE;SEASHELLS;12220.0;3
42800;;;BANANAS;SEASHELLS;4814.0;1
42900;;;UKULELE;SEASHELLS;20964.0;5
42900;;;BERRIES;SEASHELLS;3852.0;4
42900;;;COCONUTS;SEASHELLS;7940.0;50
42900;;;BERRIES;SEASHELLS;3852.0;3
43200;;;BERRIES;SEASHELLS;3849.0;19
43200;;;BANANAS;SEASHELLS;4818.0;1
43400;;;UKULELE;SEASHELLS;20971.0;3
43400;;;BAGUETTE;SEASHELLS;12220.0;5
43400;;;PEARLS;SEASHELLS;10005.0;11
43700;;;PEARLS;SEASHELLS;10002.0;5
43700;;;PEARLS;SEASHELLS;10002.0;1
43800;;;DIP;SEASHELLS;7071.0;10
44300;;;UKULELE;SEASHELLS;20971.0;2
44600;;;BERRIES;SEASHELLS;3848.0;11
44800;;;PICNIC_BASKET;SEASHELLS;74231.0;1
44800;;;BAGUETTE;SEASHELLS;12229.0;8
44800;;;DIP;SEASHELLS;7076.0;4
44800;;;PICNIC_BASKET;SEASHELLS;74231.0;1
45000;;;BANANAS;SEASHELLS;4817.0;1
45000;;;UKULELE;SEASHELLS;20963.0;3
45200;;;PICNIC_BASKET;SEASHELLS;74241.0;7
45400;;;PEARLS;SEASHELLS;9998.0;6
45500;;;DIP;SEASHELLS;7074.0;9
45600;;;BANANAS;SEASHELLS;4815.0;1
45700;;;PINA_COLADAS;SEASHELLS;14895.0;22
46000;;;BANANAS;SEASHELLS;4821.0;12
46200;;;DIVING_GEAR;SEASHELLS;99085.0;3
46300;;;PEARLS;SEASHELLS;10004.0;3
46300;;;PEARLS;SEASHELLS;10004.0;1
46300;;;PINA_COLADAS;SEASHELLS;14894.0;4
46500;;;BAGUETTE;SEASHELLS;12225.0;6
46800;;;BERRIES;SEASHELLS;3847.0;11
47000;;;COCONUTS;SEASHELLS;7946.0;25
47100;;;PEARLS;SEASHELLS;10005.0;8
47100;;;DIP;SEASHELLS;7074.0;3
47100;;;BANANAS;SEASHELLS;4816.0;1
47400;;;PEARLS;SEASHELLS;9995.0;1
47400;;;BANANAS;SEASHELLS;4816.0;1
47400;;;PEARLS;SEASHELLS;9998.0;1
47500;;;BANANAS;SEASHELLS;4823.0;1
47500;;;COCONUTS;SEASHELLS;7948.0;10
47500;;;PEARLS;SEASHELLS;10004.0;1
47600;;;DIP;SEASHELLS;7079.0;9
48000;;;PEARLS;SEASHELLS;9998.0;3
48000;;;DIP;SEASHELLS;7079.0;10
48200;;;PEARLS;SEASHELLS;10002.0;3
48200;;;DIP;SEASHELLS;7079.0;4
48200;;;PEARLS;SEASHELLS;10002.0;1
48300;;;PEARLS;SEASHELLS;10002.0;1
48300;;;PICNIC_BASKET;SEASHELLS;74203.0;2
48400;;;DIVING_GEAR;SEASHELLS;99106.0;3
48400;;;BANANAS;SEASHELLS;4816.0;1
48500;;;BERRIES;SEASHELLS;3848.0;14
48500;;;PEARLS;SEASHELLS;10005.0;10
48700;;;BERRIES;SEASHELLS;3849.0;7
48900;;;BAGUETTE;SEASHELLS;12228.0;6
48900;;;PEARLS;SEASHELLS;9998.0;1
49000;;;PEARLS;SEASHELLS;9995.0;2
49000;;;BANANAS;SEASHELLS;4817.0;2
49000;;;DIP;SEASHELLS;7080.0;5
49100;;;BANANAS;SEASHELLS;4817.0;1
49300;;;PEARLS;SEASHELLS;10004.0;1
49300;;;BANANAS;SEASHELLS;4818.0;8
49300;;;BANANAS;SEASHELLS;4817.0;1
49400;;;BANANAS;SEASHELLS;4822.0;1
49400;;;DIP;SEASHELLS;7083.0;8
49600;;;BAGUETTE;SEASHELLS;12233.0;6
49800;;;PEARLS;SEASHELLS;9998.0;1
50000;;;DIP;SEASHELLS;7085.0;6
50200;;;UKULELE;SEASHELLS;20905.0;5
50200;;;BANANAS;SEASHELLS;4817.0;10
50200;;;PICNIC_BASKET;SEASHELLS;74175.0;1
50300;;;COCONUTS;SEASHELLS;7948.0;7
50400;;;BANANAS;SEASHELLS;4816.0;1
50500;;;BAGUETTE;SEASHELLS;12230.0;6
50500;;;BANANAS;SEASHELLS;4816.0;1
50500;;;PEARLS;SEASHELLS;9995.0;1
50600;;;PEARLS;SEASHELLS;10004.0;1
50600;;;PEARLS;SEASHELLS;10004.0;1
50600;;;BANANAS;SEASHELLS;4823.0;2
50600;;;BANANAS;SEASHELLS;4821.0;1
50700;;;DIVING_GEAR;SEASHELLS;99118.0;2
50800;;;UKULELE;SEASHELLS;20904.0;1
51000;;;BERRIES;SEASHELLS;3853.0;1
51100;;;PEARLS;SEASHELLS;9996.0;10
51100;;;PEARLS;SEASHELLS;9996.0;1
51200;;;PEARLS;SEASHELLS;9995.0;2
51200;;;BANANAS;SEASHELLS;4816.0;2
51300;;;PEARLS;SEASHELLS;10005.0;6
51500;;;PINA_COLADAS;SEASHELLS;14886.0;3
51900;;;PEARLS;SEASHELLS;9995.0;4
52100;;;UKULELE;SEASHELLS;20903.0;5
52300;;;UKULELE;SEASHELLS;20901.0;5
52400;;;BAGUETTE;SEASHELLS;12240.0;5
52500;;;UKULELE;SEASHELLS;20907.0;4
52500;;;PEARLS;SEASHELLS;9998.0;1
52500;;;PICNIC_BASKET;SEASHELLS;74202.0;2
52500;;;PICNIC_BASKET;SEASHELLS;74201.0;2
52600;;;PEARLS;SEASHELLS;9998.0;1
52700;;;PEARLS;SEASHELLS;10004.0;2
52700;;;PEARLS;SEASHELLS;10004.0;6
53000;;;BAGUETTE;SEASHELLS;12231.0;5
53000;;;PEARLS;SEASHELLS;9996.0;1
53000;;;UKULELE;SEASHELLS;20899.0;2
53000;;;BANANAS;SEASHELLS;4820.0;1
53100;;;UKULELE;SEASHELLS;20898.0;5
53200;;;PEARLS;SEASHELLS;9998.0;5
53300;;;DIP;SEASHELLS;7092.0;9
53400;;;BAGUETTE;SEASHELLS;12229.0;3
53600;;;BANANAS;SEASHELLS;4821.0;1
53600;;;PEARLS;SEASHELLS;10004.0;1
53700;;;DIP;SEASHELLS;7090.0;10
53800;;;UKULELE;SEASHELLS;20903.0;2
53900;;;PEARLS;SEASHELLS;10005.0;1
53900;;;DIVING_GEAR;SEASHELLS;99138.0;1
53900;;;BANANAS;SEASHELLS;4819.0;1
54000;;;BANANAS;SEASHELLS;4814.0;5
54100;;;BANANAS;SEASHELLS;4813.0;1
54200;;;UKULELE;SEASHELLS;20911.0;1
54300;;;DIP;SEASHELLS;7093.0;6
54300;;;BANANAS;SEASHELLS;4814.0;7
54400;;;BANANAS;SEASHELLS;4821.0;3
54400;;;COCONUTS;SEASHELLS;7940.0;5
54500;;;BERRIES;SEASHELLS;3861.0;10
54500;;;COCONUTS;SEASHELLS;7938.0;26
54700;;;BANANAS;SEASHELLS;4813.0;2
54800;;;BANANAS;SEASHELLS;4813.0;1
54800;;;UKULELE;SEASHELLS;20910.0;1
55000;;;DIP;SEASHELLS;7098.0;8
55000;;;BANANAS;SEASHELLS;4815.0;5
55100;;;DIP;SEASHELLS;7099.0;9
55200;;;BAGUETTE;SEASHELLS;12239.0;5
55300;;;BAGUETTE;SEASHELLS;12237.0;8
55400;;;DIP;SEASHELLS;7100.0;5
55500;;;COCONUTS;SEASHELLS;7939.0;12
55500;;;DIVING_GEAR;SEASHELLS;99088.0;3
55600;;;BANANAS;SEASHELLS;4812.0;2
55900;;;BANANAS;SEASHELLS;4812.0;1
55900;;;BANANAS;SEASHELLS;4813.0;2
56000;;;BANANAS;SEASHELLS;4813.0;1
56000;;;BANANAS;SEASHELLS;4813.0;10
56000;;;BERRIES;SEASHELLS;3854.0;15
56000;;;PEARLS;SEASHELLS;10004.0;1
56000;;;PEARLS;SEASHELLS;9998.0;5
56100;;;BANANAS;SEASHELLS;4811.0;1
56300;;;PICNIC_BASKET;SEASHELLS;74201.0;2
56400;;;PEARLS;SEASHELLS;9998.0;1
56600;;;BANANAS;SEASHELLS;4817.0;16
56600;;;BERRIES;SEASHELLS;3860.0;10
56800;;;BANANAS;SEASHELLS;4810.0;2
56800;;;PEARLS;SEASHELLS;9996.0;2
56900;;;DIP;SEASHELLS;7093.0;5
57100;;;BERRIES;SEASHELLS;3854.0;4
57100;;;PICNIC_BASKET;SEASHELLS;74282.0;6
57500;;;BERRIES;SEASHELLS;3856.0;4
57600;;;PEARLS;SEASHELLS;9998.0;1
57600;;;BANANAS;SEASHELLS;4809.0;1
57700;;;PEARLS;SEASHELLS;10002.0;5
57800;;;PEARLS;SEASHELLS;9998.0;1
57800;;;BANANAS;SEASHELLS;4813.0;1
57900;;;BANANAS;SEASHELLS;4808.0;1
58100;;;UKULELE;SEASHELLS;20897.0;2
58300;;;BANANAS;SEASHELLS;4807.0;1
58400;;;PICNIC_BASKET;SEASHELLS;74285.0;2
58400;;;BANANAS;SEASHELLS;4813.0;1
58400;;;PEARLS;SEASHELLS;10004.0;1
58500;;;PEARLS;SEASHELLS;10004.0;2
58600;;;DIP;SEASHELLS;7096.0;6
58600;;;PICNIC_BASKET;SEASHELLS;74294.0;1
58700;;;DIP;SEASHELLS;7099.0;4
58800;;;DIP;SEASHELLS;7099.0;8
58900;;;BANANAS;SEASHELLS;4811.0;1
58900;;;BANANAS;SEASHELLS;4810.0;2
58900;;;PEARLS;SEASHELLS;10002.0;1
58900;;;BANANAS;SEASHELLS;4810.0;2
58900;;;PEARLS;SEASHELLS;10002.0;4
59000;;;UKULELE;SEASHELLS;20891.0;1
59100;;;PEARLS;SEASHELLS;9998.0;2
59100;;;PICNIC_BASKET;SEASHELLS;74250.0;2
59100;;;PEARLS;SEASHELLS;9998.0;2
59100;;;BANANAS;SEASHELLS;4807.0;2
59200;;;PEARLS;SEASHELLS;10002.0;1
59200;;;PICNIC_BASKET;SEASHELLS;74232.0;2
59200;;;DIVING_GEAR;SEASHELLS;99054.0;3
59400;;;UKULELE;SEASHELLS;20886.0;1
59400;;;PEARLS;SEASHELLS;9998.0;4
59700;;;DIP;SEASHELLS;7093.0;8
59800;;;PICNIC_BASKET;SEASHELLS;74220.0;6
59800;;;PEARLS;SEASHELLS;9995.0;5
59900;;;BANANAS;SEASHELLS;4809.0;1
60000;;;PICNIC_BASKET;SEASHELLS;74198.0;8
60000;;;BANANAS;SEASHELLS;4808.0;1
60100;;;BANANAS;SEASHELLS;4808.0;1
60200;;;UKULELE;SEASHELLS;20891.0;4
60200;;;COCONUTS;SEASHELLS;7928.0;19
60300;;;DIP;SEASHELLS;7093.0;9
60300;;;PICNIC_BASKET;SEASHELLS;74188.0;2
60400;;;BAGUETTE;SEASHELLS;12232.0;7
60700;;;UKULELE;SEASHELLS;20890.0;1
61000;;;COCONUTS;SEASHELLS;7931.0;6
61000;;;PEARLS;SEASHELLS;9995.0;2
61000;;;BAGUETTE;SEASHELLS;12215.0;3
61100;;;DIVING_GEAR;SEASHELLS;99046.0;2
61100;;;UKULELE;SEASHELLS;20878.0;2
61100;;;BANANAS;SEASHELLS;4810.0;6
61100;;;PEARLS;SEASHELLS;9998.0;1
61200;;;BAGUETTE;SEASHELLS;12218.0;10
61200;;;BANANAS;SEASHELLS;4812.0;1
61200;;;DIP;SEASHELLS;7094.0;4
61300;;;PEARLS;SEASHELLS;9998.0;1
61300;;;DIP;SEASHELLS;7093.0;10
61500;;;DIP;SEASHELLS;7093.0;9
61600;;;BERRIES;SEASHELLS;3855.0;4
61600;;;DIP;SEASHELLS;7093.0;4
62000;;;BERRIES;SEASHELLS;3855.0;10
62000;;;UKULELE;SEASHELLS;20878.0;6
62000;;;DIP;SEASHELLS;7094.0;10
62300;;;PEARLS;SEASHELLS;9998.0;1
62300;;;BANANAS;SEASHELLS;4805.0;1
62500;;;BANANAS;SEASHELLS;4806.0;1
62500;;;PEARLS;SEASHELLS;10002.0;1
62600;;;BANANAS;SEASHELLS;4810.0;1
62600;;;UKULELE;SEASHELLS;20886.0;4
62700;;;BANANAS;SEASHELLS;4810.0;1
62900;;;UKULELE;SEASHELLS;20891.0;5
62900;;;PINA_COLADAS;SEASHELLS;14825.0;3
63000;;;UKULELE;SEASHELLS;20890.0;5
63000;;;BAGUETTE;SEASHELLS;12227.0;6
63200;;;BANANAS;SEASHELLS;4810.0;1
63200;;;PEARLS;SEASHELLS;10002.0;1
63400;;;BANANAS;SEASHELLS;4812.0;1
63400;;;BERRIES;SEASHELLS;3856.0;11
63400;;;PEARLS;SEASHELLS;10004.0;1
63500;;;BANANAS;SEASHELLS;4808.0;3
63500;;;UKULELE;SEASHELLS;20887.0;4
63600;;;BANANAS;SEASHELLS;4807.0;5
63800;;;BANANAS;SEASHELLS;4813.0;16
63800;;;BANANAS;SEASHELLS;4811.0;1
63800;;;UKULELE;SEASHELLS;20885.0;4
64100;;;UKULELE;SEASHELLS;20884.0;5
64100;;;PEARLS;SEASHELLS;9998.0;2
64200;;;BANANAS;SEASHELLS;4806.0;1
64400;;;UKULELE;SEASHELLS;20888.0;4
64500;;;BERRIES;SEASHELLS;3860.0;1
64600;;;UKULELE;SEASHELLS;20893.0;5
64600;;;BANANAS;SEASHELLS;4807.0;1
64900;;;BAGUETTE;SEASHELLS;12233.0;8
65000;;;BANANAS;SEASHELLS;4810.0;2
65000;;;PEARLS;SEASHELLS;10002.0;2
65100;;;BERRIES;SEASHELLS;3857.0;2
65100;;;BANANAS;SEASHELLS;4806.0;1
65100;;;BAGUETTE;SEASHELLS;12226.0;8
65200;;;BANANAS;SEASHELLS;4812.0;2
65300;;;DIP;SEASHELLS;7089.0;10
65400;;;PEARLS;SEASHELLS;10002.0;1
65400;;;PEARLS;SEASHELLS;10002.0;1
65400;;;UKULELE;SEASHELLS;20885.0;4
65400;;;BANANAS;SEASHELLS;4806.0;1
65500;;;BAGUETTE;SEASHELLS;12218.0;4
65600;;;BERRIES;SEASHELLS;3862.0;2
65700;;;PEARLS;SEASHELLS;9998.0;4
65700;;;PEARLS;SEASHELLS;9995.0;1
65700;;;BANANAS;SEASHELLS;4807.0;1
66000;;;BANANAS;SEASHELLS;4812.0;2
66000;;;PEARLS;SEASHELLS;10004.0;2
66100;;;PEARLS;SEASHELLS;9998.0;2
66300;;;BANANAS;SEASHELLS;4807.0;1
66400;;;PEARLS;SEASHELLS;9998.0;1
66400;;;PICNIC_BASKET;SEASHELLS;74019.0;2
66400;;;PICNIC_BASKET;SEASHELLS;74019.0;3
66500;;;BANANAS;SEASHELLS;4807.0;1
66600;;;PEARLS;SEASHELLS;9998.0;2
66700;;;BANANAS;SEASHELLS;4807.0;1
67000;;;DIVING_GEAR;SEASHELLS;99137.0;3
67000;;;BANANAS;SEASHELLS;4812.0;1
67000;;;BANANAS;SEASHELLS;4808.0;11
67300;;;BANANAS;SEASHELLS;4808.0;1
67300;;;UKULELE;SEASHELLS;20881.0;5
67400;;;PICNIC_BASKET;SEASHELLS;73963.0;2
67500;;;BERRIES;SEASHELLS;3858.0;8
67500;;;BANANAS;SEASHELLS;4814.0;10
67600;;;PEARLS;SEASHELLS;9995.0;2
67600;;;BANANAS;SEASHELLS;4807.0;2
67700;;;PEARLS;SEASHELLS;9998.0;1
67700;;;BANANAS;SEASHELLS;4810.0;1
67800;;;BANANAS;SEASHELLS;4813.0;1
67900;;;DIP;SEASHELLS;7080.0;10
68000;;;BANANAS;SEASHELLS;4815.0;2
68000;;;PEARLS;SEASHELLS;10004.0;2
68100;;;PICNIC_BASKET;SEASHELLS;73918.0;2
68200;;;DIP;SEASHELLS;7082.0;4
68200;;;UKULELE;SEASHELLS;20869.0;9
68300;;;BANANAS;SEASHELLS;4811.0;1
68300;;;PEARLS;SEASHELLS;10002.0;1
68300;;;BAGUETTE;SEASHELLS;12227.0;4
68500;;;PEARLS;SEASHELLS;9998.0;5
68600;;;PEARLS;SEASHELLS;9998.0;1
68600;;;UKULELE;SEASHELLS;20870.0;3
68600;;;COCONUTS;SEASHELLS;7918.0;24
68600;;;BANANAS;SEASHELLS;4813.0;6
68700;;;BAGUETTE;SEASHELLS;12223.0;3
69000;;;BANANAS;SEASHELLS;4816.0;2
69000;;;PEARLS;SEASHELLS;10004.0;2
69100;;;UKULELE;SEASHELLS;20871.0;2
69100;;;BERRIES;SEASHELLS;3855.0;7
69200;;;PINA_COLADAS;SEASHELLS;14837.0;13
69300;;;BANANAS;SEASHELLS;4811.0;3
69400;;;BANANAS;SEASHELLS;4810.0;9
69400;;;DIVING_GEAR;SEASHELLS;99184.0;1
69500;;;PICNIC_BASKET;SEASHELLS;73963.0;1
69500;;;PICNIC_BASKET;SEASHELLS;73962.0;4
69800;;;BAGUETTE;SEASHELLS;12222.0;5
70300;;;PICNIC_BASKET;SEASHELLS;73868.0;1
70300;;;UKULELE;SEASHELLS;20858.0;5
70500;;;PEARLS;SEASHELLS;9998.0;1
70500;;;BANANAS;SEASHELLS;4813.0;1
71000;;;BANANAS;SEASHELLS;4810.0;5
71100;;;PEARLS;SEASHELLS;10004.0;7
71100;;;PEARLS;SEASHELLS;10004.0;2
71200;;;DIP;SEASHELLS;7081.0;7
71300;;;PEARLS;SEASHELLS;10002.0;1
71400;;;PEARLS;SEASHELLS;9998.0;3
71500;;;BAGUETTE;SEASHELLS;12206.0;10
71600;;;PEARLS;SEASHELLS;9996.0;2
71700;;;UKULELE;SEASHELLS;20859.0;3
71800;;;BANANAS;SEASHELLS;4816.0;2
71900;;;BANANAS;SEASHELLS;4814.0;1
72000;;;UKULELE;SEASHELLS;20857.0;1
72000;;;BANANAS;SEASHELLS;4813.0;4
72100;;;DIVING_GEAR;SEASHELLS;99125.0;1
72100;;;BAGUETTE;SEASHELLS;12210.0;8
72200;;;BANANAS;SEASHELLS;4809.0;1
72300;;;PEARLS;SEASHELLS;9998.0;1
72400;;;BAGUETTE;SEASHELLS;12205.0;5
72500;;;PEARLS;SEASHELLS;9995.0;2
72500;;;BANANAS;SEASHELLS;4808.0;2
72600;;;DIP;SEASHELLS;7078.0;12
72600;;;UKULELE;SEASHELLS;20867.0;4
72700;;;DIP;SEASHELLS;7080.0;7
72700;;;PICNIC_BASKET;SEASHELLS;73883.0;2
72800;;;BANANAS;SEASHELLS;4813.0;2
72800;;;PEARLS;SEASHELLS;10002.0;2
72900;;;BANANAS;SEASHELLS;4808.0;1
73000;;;DIVING_GEAR;SEASHELLS;99146.0;2
73100;;;BANANAS;SEASHELLS;4810.0;1
73100;;;DIP;SEASHELLS;7081.0;8
73300;;;BERRIES;SEASHELLS;3850.0;11
73300;;;COCONUTS;SEASHELLS;7922.0;25
73300;;;DIVING_GEAR;SEASHELLS;99134.0;2
73300;;;BANANAS;SEASHELLS;4810.0;5
73500;;;PICNIC_BASKET;SEASHELLS;73858.0;6
73600;;;DIP;SEASHELLS;7081.0;8
73700;;;PICNIC_BASKET;SEASHELLS;73868.0;8
73800;;;UKULELE;SEASHELLS;20855.0;4
73800;;;BAGUETTE;SEASHELLS;12197.0;3
74000;;;UKULELE;SEASHELLS;20857.0;4
74000;;;BANANAS;SEASHELLS;4815.0;10
74000;;;PINA_COLADAS;SEASHELLS;14840.0;12
74200;;;COCONUTS;SEASHELLS;7920.0;11
74200;;;COCONUTS;SEASHELLS;7920.0;63
74300;;;BANANAS;SEASHELLS;4815.0;1
74400;;;UKULELE;SEASHELLS;20860.0;4
74400;;;BANANAS;SEASHELLS;4811.0;1
74400;;;BAGUETTE;SEASHELLS;12193.0;6
74400;;;COCONUTS;SEASHELLS;7918.0;10
74500;;;PICNIC_BASKET;SEASHELLS;73880.0;10
74500;;;PICNIC_BASKET;SEASHELLS;73881.0;2
74500;;;PICNIC_BASKET;SEASHELLS;73880.0;5
74600;;;PEARLS;SEASHELLS;10004.0;1
74600;;;PEARLS;SEASHELLS;10004.0;7
74700;;;PEARLS;SEASHELLS;10002.0;3
74700;;;BANANAS;SEASHELLS;4812.0;2
74800;;;BANANAS;SEASHELLS;4816.0;1
74800;;;BERRIES;SEASHELLS;3859.0;10
74800;;;PEARLS;SEASHELLS;9998.0;4
74900;;;UKULELE;SEASHELLS;20858.0;3
74900;;;BANANAS;SEASHELLS;4811.0;8
74900;;;DIP;SEASHELLS;7082.0;11
75200;;;BANANAS;SEASHELLS;4811.0;1
75300;;;PEARLS;SEASHELLS;10004.0;2
75400;;;PEARLS;SEASHELLS;10004.0;1
75400;;;DIVING_GEAR;SEASHELLS;99180.0;1
75500;;;PEARLS;SEASHELLS;10002.0;1
75600;;;BANANAS;SEASHELLS;4811.0;1
75700;;;UKULELE;SEASHELLS;20864.0;4
75900;;;BERRIES;SEASHELLS;3863.0;7
76000;;;DIP;SEASHELLS;7080.0;6
76400;;;PEARLS;SEASHELLS;9998.0;1
76400;;;BANANAS;SEASHELLS;4816.0;1
76400;;;BAGUETTE;SEASHELLS;12191.0;4
76500;;;BANANAS;SEASHELLS;4816.0;1
76800;;;BAGUETTE;SEASHELLS;12188.0;7
77000;;;PEARLS;SEASHELLS;9998.0;1
77100;;;BANANAS;SEASHELLS;4816.0;1
77500;;;BAGUETTE;SEASHELLS;12186.0;4
77600;;;DIVING_GEAR;SEASHELLS;99196.0;1
77600;;;PEARLS;SEASHELLS;9998.0;1
77700;;;BERRIES;SEASHELLS;3864.0;6
78000;;;PEARLS;SEASHELLS;10002.0;1
78100;;;BANANAS;SEASHELLS;4809.0;1
78300;;;PEARLS;SEASHELLS;10005.0;1
78300;;;BANANAS;SEASHELLS;4816.0;1
78300;;;BANANAS;SEASHELLS;4814.0;1
78400;;;BERRIES;SEASHELLS;3860.0;14
78600;;;BAGUETTE;SEASHELLS;12177.0;5
79100;;;UKULELE;SEASHELLS;20868.0;4
79200;;;DIVING_GEAR;SEASHELLS;99191.0;3
79200;;;BAGUETTE;SEASHELLS;12184.0;8
79400;;;COCONUTS;SEASHELLS;7921.0;7
79500;;;BAGUETTE;SEASHELLS;12182.0;8
79600;;;UKULELE;SEASHELLS;20866.0;2
79800;;;BAGUETTE;SEASHELLS;12178.0;3
79900;;;DIVING_GEAR;SEASHELLS;99185.0;3
80100;;;BANANAS;SEASHELLS;4815.0;1
80300;;;PINA_COLADAS;SEASHELLS;14820.0;8
80600;;;PEARLS;SEASHELLS;9998.0;3
80900;;;PEARLS;SEASHELLS;10004.0;7
80900;;;PEARLS;SEASHELLS;10004.0;1
80900;;;DIP;SEASHELLS;7085.0;7
80900;;;BANANAS;SEASHELLS;4816.0;1
81000;;;BERRIES;SEASHELLS;3865.0;2
81100;;;BAGUETTE;SEASHELLS;12182.0;6
81200;;;BANANAS;SEASHELLS;4811.0;1
81200;;;BANANAS;SEASHELLS;4811.0;1
81200;;;PEARLS;SEASHELLS;9996.0;1
81200;;;PEARLS;SEASHELLS;9996.0;1
81500;;;DIVING_GEAR;SEASHELLS;99157.0;1
81700;;;PINA_COLADAS;SEASHELLS;14819.0;7
81800;;;BANANAS;SEASHELLS;4818.0;2
81800;;;COCONUTS;SEASHELLS;7918.0;27
81800;;;PEARLS;SEASHELLS;10005.0;2
81900;;;BANANAS;SEASHELLS;4815.0;2
81900;;;DIP;SEASHELLS;7082.0;6
81900;;;PICNIC_BASKET;SEASHELLS;73966.0;6
81900;;;PICNIC_BASKET;SEASHELLS;73966.0;2
81900;;;PEARLS;SEASHELLS;10002.0;2
82000;;;BERRIES;SEASHELLS;3866.0;11
82200;;;PEARLS;SEASHELLS;9998.0;1
82500;;;PICNIC_BASKET;SEASHELLS;73973.0;2
82700;;;PEARLS;SEASHELLS;9996.0;1
82700;;;PINA_COLADAS;SEASHELLS;14817.0;12
82700;;;BANANAS;SEASHELLS;4810.0;1
82800;;;PEARLS;SEASHELLS;10002.0;1
82800;;;BAGUETTE;SEASHELLS;12190.0;5
82800;;;DIP;SEASHELLS;7079.0;7
82900;;;BANANAS;SEASHELLS;4811.0;1
82900;;;PEARLS;SEASHELLS;9998.0;1
83000;;;BERRIES;SEASHELLS;3859.0;14
83200;;;UKULELE;SEASHELLS;20846.0;1
83500;;;BANANAS;SEASHELLS;4811.0;1
83500;;;BANANAS;SEASHELLS;4811.0;13
83500;;;DIP;SEASHELLS;7082.0;8
83800;;;BANANAS;SEASHELLS;4812.0;10
83800;;;UKULELE;SEASHELLS;20846.0;4
83800;;;PEARLS;SEASHELLS;10004.0;1
83900;;;DIP;SEASHELLS;7084.0;5
84000;;;BANANAS;SEASHELLS;4818.0;2
84000;;;PEARLS;SEASHELLS;10002.0;1
84000;;;PEARLS;SEASHELLS;10005.0;2
84100;;;BERRIES;SEASHELLS;3864.0;13
84100;;;PICNIC_BASKET;SEASHELLS;74043.0;2
84100;;;PICNIC_BASKET;SEASHELLS;74043.0;3
84200;;;PEARLS;SEASHELLS;9998.0;1
84200;;;DIVING_GEAR;SEASHELLS;99156.0;2
84300;;;BANANAS;SEASHELLS;4817.0;1
84300;;;UKULELE;SEASHELLS;20858.0;5
84700;;;BANANAS;SEASHELLS;4816.0;3
84700;;;PINA_COLADAS;SEASHELLS;14821.0;4
84700;;;BANANAS;SEASHELLS;4812.0;1
84700;;;BERRIES;SEASHELLS;3863.0;7
84700;;;PEARLS;SEASHELLS;10002.0;3
84800;;;PICNIC_BASKET;SEASHELLS;74081.0;8
84800;;;BANANAS;SEASHELLS;4811.0;3
84900;;;PEARLS;SEASHELLS;9998.0;1
85000;;;DIP;SEASHELLS;7079.0;8
85200;;;DIP;SEASHELLS;7078.0;9
85400;;;BANANAS;SEASHELLS;4814.0;9
85500;;;PEARLS;SEASHELLS;10002.0;1
85600;;;DIP;SEASHELLS;7076.0;8
85700;;;DIVING_GEAR;SEASHELLS;99157.0;2
85700;;;BAGUETTE;SEASHELLS;12210.0;7
85800;;;DIVING_GEAR;SEASHELLS;99158.0;1
85800;;;PEARLS;SEASHELLS;10002.0;1
86000;;;PEARLS;SEASHELLS;10002.0;1
86000;;;DIP;SEASHELLS;7078.0;4
86100;;;PEARLS;SEASHELLS;10005.0;6
86400;;;DIP;SEASHELLS;7078.0;8
86500;;;DIP;SEASHELLS;7076.0;4
86600;;;BAGUETTE;SEASHELLS;12220.0;5
86700;;;BANANAS;SEASHELLS;4816.0;1
86700;;;PEARLS;SEASHELLS;10002.0;5
86700;;;PICNIC_BASKET;SEASHELLS;74126.0;2
86700;;;DIP;SEASHELLS;7075.0;5
86800;;;PEARLS;SEASHELLS;10004.0;1
86800;;;UKULELE;SEASHELLS;20896.0;1
86800;;;BANANAS;SEASHELLS;4818.0;1
86900;;;DIVING_GEAR;SEASHELLS;99167.0;3
86900;;;BERRIES;SEASHELLS;3857.0;14
87000;;;UKULELE;SEASHELLS;20899.0;4
87100;;;UKULELE;SEASHELLS;20902.0;3
87300;;;DIP;SEASHELLS;7076.0;11
87300;;;PEARLS;SEASHELLS;9998.0;5
87300;;;DIP;SEASHELLS;7076.0;5
87400;;;DIP;SEASHELLS;7075.0;7
87600;;;BAGUETTE;SEASHELLS;12218.0;5
87700;;;PICNIC_BASKET;SEASHELLS;74162.0;7
87700;;;PICNIC_BASKET;SEASHELLS;74162.0;1
87700;;;PICNIC_BASKET;SEASHELLS;74163.0;9
87800;;;BANANAS;SEASHELLS;4811.0;6
87800;;;BANANAS;SEASHELLS;4811.0;6
87800;;;BAGUETTE;SEASHELLS;12219.0;7
87800;;;BANANAS;SEASHELLS;4811.0;5
87800;;;DIP;SEASHELLS;7077.0;7
87900;;;BANANAS;SEASHELLS;4811.0;1
88000;;;UKULELE;SEASHELLS;20900.0;1
88000;;;UKULELE;SEASHELLS;20899.0;5
88000;;;PICNIC_BASKET;SEASHELLS;74149.0;1
88000;;;DIP;SEASHELLS;7077.0;3
88200;;;BANANAS;SEASHELLS;4812.0;4
88200;;;BANANAS;SEASHELLS;4812.0;1
88300;;;BANANAS;SEASHELLS;4817.0;2
88300;;;UKULELE;SEASHELLS;20902.0;1
88300;;;PEARLS;SEASHELLS;10004.0;2
88400;;;PINA_COLADAS;SEASHELLS;14816.0;13
88500;;;BAGUETTE;SEASHELLS;12220.0;8
88600;;;BANANAS;SEASHELLS;4815.0;1
88600;;;DIP;SEASHELLS;7076.0;3
89000;;;BAGUETTE;SEASHELLS;12224.0;3
89100;;;DIP;SEASHELLS;7074.0;6
89200;;;PEARLS;SEASHELLS;9998.0;1
89400;;;UKULELE;SEASHELLS;20889.0;3
89500;;;PEARLS;SEASHELLS;10005.0;11
89600;;;PEARLS;SEASHELLS;9998.0;2
89600;;;PEARLS;SEASHELLS;9998.0;1
89600;;;BANANAS;SEASHELLS;4813.0;2
89800;;;BAGUETTE;SEASHELLS;12225.0;10
89800;;;PEARLS;SEASHELLS;9995.0;2
89800;;;BANANAS;SEASHELLS;4816.0;2
89900;;;BERRIES;SEASHELLS;3858.0;3
89900;;;PICNIC_BASKET;SEASHELLS;74135.0;10
89900;;;UKULELE;SEASHELLS;20894.0;3
89900;;;DIP;SEASHELLS;7073.0;4
90300;;;UKULELE;SEASHELLS;20905.0;2
90400;;;COCONUTS;SEASHELLS;7915.0;6
90400;;;DIVING_GEAR;SEASHELLS;99182.0;3
90400;;;BAGUETTE;SEASHELLS;12217.0;7
90700;;;DIP;SEASHELLS;7075.0;4
90700;;;PICNIC_BASKET;SEASHELLS;74165.0;6
90700;;;PEARLS;SEASHELLS;10002.0;1
90700;;;PICNIC_BASKET;SEASHELLS;74166.0;2
90700;;;UKULELE;SEASHELLS;20915.0;2
90800;;;PEARLS;SEASHELLS;10004.0;1
90800;;;BANANAS;SEASHELLS;4811.0;1
91200;;;DIP;SEASHELLS;7073.0;8
91200;;;BANANAS;SEASHELLS;4810.0;2
91200;;;PEARLS;SEASHELLS;9995.0;2
91200;;;DIP;SEASHELLS;7072.0;12
91300;;;BANANAS;SEASHELLS;4815.0;1
91300;;;PICNIC_BASKET;SEASHELLS;74126.0;1
91500;;;COCONUTS;SEASHELLS;7919.0;27
91600;;;DIP;SEASHELLS;7073.0;7
91700;;;UKULELE;SEASHELLS;20911.0;4
91800;;;DIVING_GEAR;SEASHELLS;99210.0;1
91800;;;PICNIC_BASKET;SEASHELLS;74134.0;2
91900;;;BAGUETTE;SEASHELLS;12216.0;3
91900;;;PEARLS;SEASHELLS;10002.0;1
91900;;;DIP;SEASHELLS;7075.0;6
91900;;;PEARLS;SEASHELLS;10002.0;3
92000;;;PEARLS;SEASHELLS;9996.0;3
92000;;;PEARLS;SEASHELLS;9996.0;2
92000;;;BANANAS;SEASHELLS;4816.0;4
92000;;;DIVING_GEAR;SEASHELLS;99214.0;1
92100;;;PICNIC_BASKET;SEASHELLS;74123.0;8
92400;;;DIP;SEASHELLS;7074.0;7
92500;;;UKULELE;SEASHELLS;20917.0;1
92600;;;BANANAS;SEASHELLS;4813.0;4
92900;;;BERRIES;SEASHELLS;3855.0;13
93000;;;BANANAS;SEASHELLS;4811.0;1
93200;;;PEARLS;SEASHELLS;10002.0;1
93500;;;PICNIC_BASKET;SEASHELLS;74107.0;2
93600;;;PEARLS;SEASHELLS;10004.0;2
93600;;;PEARLS;SEASHELLS;10004.0;1
93600;;;UKULELE;SEASHELLS;20929.0;4
94100;;;DIP;SEASHELLS;7073.0;9
94200;;;UKULELE;SEASHELLS;20920.0;3
94200;;;PEARLS;SEASHELLS;9998.0;1
94200;;;BANANAS;SEASHELLS;4817.0;1
94300;;;PEARLS;SEASHELLS;9998.0;1
94500;;;PEARLS;SEASHELLS;10004.0;1
94500;;;PEARLS;SEASHELLS;10004.0;1
94500;;;BANANAS;SEASHELLS;4818.0;2
94500;;;DIVING_GEAR;SEASHELLS;99203.0;3
94600;;;BANANAS;SEASHELLS;4817.0;1
94600;;;DIP;SEASHELLS;7073.0;6
94600;;;PEARLS;SEASHELLS;9998.0;1
94700;;;BAGUETTE;SEASHELLS;12199.0;7
94800;;;PEARLS;SEASHELLS;9998.0;1
94800;;;BANANAS;SEASHELLS;4814.0;1
95000;;;DIVING_GEAR;SEASHELLS;99213.0;3
95100;;;BANANAS;SEASHELLS;4818.0;1
95100;;;DIVING_GEAR;SEASHELLS;99214.0;1
95300;;;BERRIES;SEASHELLS;3862.0;9
95300;;;BAGUETTE;SEASHELLS;12197.0;6
95400;;;PEARLS;SEASHELLS;10002.0;4
95400;;;PEARLS;SEASHELLS;10002.0;1
95400;;;BANANAS;SEASHELLS;4818.0;1
95500;;;DIP;SEASHELLS;7076.0;8
95500;;;COCONUTS;SEASHELLS;7918.0;1
95500;;;BERRIES;SEASHELLS;3856.0;1
95500;;;COCONUTS;SEASHELLS;7918.0;62
95500;;;PICNIC_BASKET;SEASHELLS;74019.0;5
95600;;;DIP;SEASHELLS;7076.0;4
95600;;;BANANAS;SEASHELLS;4819.0;4
95600;;;DIVING_GEAR;SEASHELLS;99192.0;1
95800;;;DIP;SEASHELLS;7072.0;7
95800;;;BAGUETTE;SEASHELLS;12194.0;3
95900;;;PEARLS;SEASHELLS;9998.0;1
96000;;;BANANAS;SEASHELLS;4819.0;1
96100;;;DIVING_GEAR;SEASHELLS;99176.0;1
96300;;;BAGUETTE;SEASHELLS;12183.0;4
96400;;;BANANAS;SEASHELLS;4814.0;13
96400;;;DIP;SEASHELLS;7077.0;5
96500;;;DIVING_GEAR;SEASHELLS;99193.0;3
96700;;;BAGUETTE;SEASHELLS;12184.0;10
97200;;;UKULELE;SEASHELLS;20892.0;5
97400;;;DIP;SEASHELLS;7077.0;9
97400;;;BERRIES;SEASHELLS;3864.0;20
97400;;;BANANAS;SEASHELLS;4814.0;1
97500;;;UKULELE;SEASHELLS;20895.0;2
97500;;;PICNIC_BASKET;SEASHELLS;74005.0;5
97500;;;DIVING_GEAR;SEASHELLS;99191.0;2
97600;;;PICNIC_BASKET;SEASHELLS;74011.0;1
97600;;;PICNIC_BASKET;SEASHELLS;74010.0;3
97800;;;UKULELE;SEASHELLS;20897.0;1
97800;;;BAGUETTE;SEASHELLS;12189.0;6
97900;;;PEARLS;SEASHELLS;10002.0;4
97900;;;PICNIC_BASKET;SEASHELLS;74031.0;2
98000;;;BANANAS;SEASHELLS;4814.0;13
98000;;;DIP;SEASHELLS;7075.0;9
98200;;;PEARLS;SEASHELLS;9998.0;1
98300;;;PICNIC_BASKET;SEASHELLS;74011.0;1
98300;;;PEARLS;SEASHELLS;10002.0;1
98300;;;PICNIC_BASKET;SEASHELLS;74010.0;10
98300;;;PICNIC_BASKET;SEASHELLS;74011.0;1
98500;;;BANANAS;SEASHELLS;4818.0;1
98500;;;BANANAS;SEASHELLS;4818.0;3
98500;;;DIVING_GEAR;SEASHELLS;99196.0;1
98500;;;BAGUETTE;SEASHELLS;12182.0;4
99000;;;BANANAS;SEASHELLS;4816.0;4
99000;;;BANANAS;SEASHELLS;4815.0;1
99100;;;UKULELE;SEASHELLS;20886.0;1
99200;;;DIP;SEASHELLS;7070.0;5
99300;;;BANANAS;SEASHELLS;4820.0;2
99300;;;DIP;SEASHELLS;7066.0;4
99300;;;PEARLS;SEASHELLS;10004.0;2
99500;;;BERRIES;SEASHELLS;3854.0;10
99600;;;BANANAS;SEASHELLS;4815.0;2
99700;;;BANANAS;SEASHELLS;4817.0;3
99700;;;BAGUETTE;SEASHELLS;12195.0;4
100100;;;DIVING_GEAR;SEASHELLS;99177.0;1
100200;;;BERRIES;SEASHELLS;3854.0;17
100200;;;PEARLS;SEASHELLS;10002.0;1
100300;;;COCONUTS;SEASHELLS;7917.0;48
100500;;;DIVING_GEAR;SEASHELLS;99168.0;3
100600;;;BANANAS;SEASHELLS;4819.0;1
100600;;;PEARLS;SEASHELLS;10004.0;1
100800;;;UKULELE;SEASHELLS;20901.0;2
101100;;;PEARLS;SEASHELLS;9998.0;4
101200;;;BAGUETTE;SEASHELLS;12212.0;8
101200;;;COCONUTS;SEASHELLS;7920.0;9
101200;;;PEARLS;SEASHELLS;10002.0;1
101200;;;UKULELE;SEASHELLS;20904.0;2
101300;;;DIP;SEASHELLS;7068.0;5
101700;;;DIVING_GEAR;SEASHELLS;99170.0;1
101700;;;BANANAS;SEASHELLS;4812.0;1
101800;;;PEARLS;SEASHELLS;9995.0;2
101800;;;BANANAS;SEASHELLS;4813.0;2
101900;;;BANANAS;SEASHELLS;4813.0;1
102000;;;BANANAS;SEASHELLS;4813.0;2
102100;;;BERRIES;SEASHELLS;3856.0;3
102300;;;PEARLS;SEASHELLS;9998.0;1
102400;;;BANANAS;SEASHELLS;4813.0;1
102400;;;BANANAS;SEASHELLS;4814.0;1
102600;;;PEARLS;SEASHELLS;10002.0;1
102700;;;BANANAS;SEASHELLS;4820.0;14
103100;;;DIP;SEASHELLS;7076.0;8
103100;;;DIP;SEASHELLS;7076.0;5
103200;;;BANANAS;SEASHELLS;4819.0;1
103200;;;PEARLS;SEASHELLS;10004.0;1
103200;;;BANANAS;SEASHELLS;4819.0;3
103300;;;BANANAS;SEASHELLS;4815.0;3
103400;;;UKULELE;SEASHELLS;20897.0;1
103500;;;UKULELE;SEASHELLS;20895.0;5
103500;;;PEARLS;SEASHELLS;9998.0;5
103800;;;BANANAS;SEASHELLS;4818.0;1
103900;;;COCONUTS;SEASHELLS;7922.0;13
104500;;;UKULELE;SEASHELLS;20904.0;3
104500;;;DIVING_GEAR;SEASHELLS;99175.0;2
104500;;;BANANAS;SEASHELLS;4813.0;1
104600;;;BANANAS;SEASHELLS;4813.0;1
104600;;;PEARLS;SEASHELLS;9998.0;1
104700;;;BANANAS;SEASHELLS;4817.0;2
104700;;;BANANAS;SEASHELLS;4817.0;1
104700;;;UKULELE;SEASHELLS;20914.0;3
105100;;;BAGUETTE;SEASHELLS;12224.0;6
105200;;;BANANAS;SEASHELLS;4813.0;1
105300;;;BANANAS;SEASHELLS;4813.0;1
105400;;;PINA_COLADAS;SEASHELLS;14870.0;2
105400;;;DIP;SEASHELLS;7080.0;9
105500;;;BANANAS;SEASHELLS;4818.0;1
105700;;;UKULELE;SEASHELLS;20907.0;5
105700;;;DIVING_GEAR;SEASHELLS;99167.0;1
106000;;;DIP;SEASHELLS;7081.0;6
106100;;;BAGUETTE;SEASHELLS;12226.0;3
106200;;;BERRIES;SEASHELLS;3856.0;2
106800;;;BAGUETTE;SEASHELLS;12228.0;8
106800;;;BANANAS;SEASHELLS;4815.0;1
107100;;;DIP;SEASHELLS;7088.0;8
107100;;;COCONUTS;SEASHELLS;7913.0;43
107100;;;UKULELE;SEASHELLS;20906.0;4
107300;;;DIVING_GEAR;SEASHELLS;99217.0;2
107600;;;BANANAS;SEASHELLS;4813.0;1
107800;;;PEARLS;SEASHELLS;9996.0;1
107800;;;BANANAS;SEASHELLS;4818.0;1
107800;;;PEARLS;SEASHELLS;9996.0;1
107900;;;BANANAS;SEASHELLS;4814.0;1
107900;;;PEARLS;SEASHELLS;10004.0;1
108000;;;BERRIES;SEASHELLS;3861.0;5
108000;;;BAGUETTE;SEASHELLS;12225.0;5
108300;;;DIVING_GEAR;SEASHELLS;99225.0;2
108300;;;PINA_COLADAS;SEASHELLS;14861.0;5
108400;;;BANANAS;SEASHELLS;4815.0;4
108500;;;PEARLS;SEASHELLS;9998.0;1
108500;;;UKULELE;SEASHELLS;20914.0;1
108600;;;DIVING_GEAR;SEASHELLS;99240.0;1
109000;;;UKULELE;SEASHELLS;20921.0;1
109000;;;BANANAS;SEASHELLS;4812.0;1
109200;;;UKULELE;SEASHELLS;20924.0;1
109200;;;DIVING_GEAR;SEASHELLS;99248.0;2
109200;;;PICNIC_BASKET;SEASHELLS;74124.0;7
109400;;;DIP;SEASHELLS;7079.0;9
109600;;;PEARLS;SEASHELLS;9998.0;1
109600;;;PICNIC_BASKET;SEASHELLS;74110.0;1
109600;;;PICNIC_BASKET;SEASHELLS;74109.0;2
109800;;;BAGUETTE;SEASHELLS;12219.0;7
109900;;;UKULELE;SEASHELLS;20932.0;2
109900;;;PICNIC_BASKET;SEASHELLS;74100.0;5
109900;;;BANANAS;SEASHELLS;4815.0;11
109900;;;DIP;SEASHELLS;7082.0;5
109900;;;BANANAS;SEASHELLS;4814.0;1
110000;;;DIP;SEASHELLS;7082.0;4
110000;;;PEARLS;SEASHELLS;9996.0;2
110000;;;BANANAS;SEASHELLS;4813.0;4
110000;;;COCONUTS;SEASHELLS;7911.0;51
110100;;;PEARLS;SEASHELLS;10002.0;1
110200;;;PEARLS;SEASHELLS;9995.0;5
110400;;;PICNIC_BASKET;SEASHELLS;74101.0;6
110400;;;COCONUTS;SEASHELLS;7910.0;9
110700;;;BAGUETTE;SEASHELLS;12223.0;3
111000;;;PINA_COLADAS;SEASHELLS;14853.0;1
111000;;;PINA_COLADAS;SEASHELLS;14853.0;30
111100;;;DIVING_GEAR;SEASHELLS;99294.0;1
111200;;;BANANAS;SEASHELLS;4809.0;1
111400;;;BANANAS;SEASHELLS;4809.0;1
111500;;;BAGUETTE;SEASHELLS;12224.0;8
111700;;;PICNIC_BASKET;SEASHELLS;74071.0;1
111700;;;BAGUETTE;SEASHELLS;12221.0;9
111700;;;PINA_COLADAS;SEASHELLS;14844.0;3
111800;;;PICNIC_BASKET;SEASHELLS;74065.0;5
111800;;;PEARLS;SEASHELLS;9998.0;3
111800;;;DIP;SEASHELLS;7075.0;6
111900;;;PINA_COLADAS;SEASHELLS;14839.0;5
112100;;;BAGUETTE;SEASHELLS;12220.0;7
112300;;;PEARLS;SEASHELLS;9998.0;1
112300;;;BANANAS;SEASHELLS;4812.0;1
112500;;;UKULELE;SEASHELLS;20929.0;3
112500;;;DIVING_GEAR;SEASHELLS;99282.0;1
112600;;;BANANAS;SEASHELLS;4812.0;1
112700;;;BANANAS;SEASHELLS;4817.0;1
112800;;;PEARLS;SEASHELLS;9998.0;1
112900;;;BANANAS;SEASHELLS;4816.0;1
112900;;;BANANAS;SEASHELLS;4816.0;1
113000;;;BAGUETTE;SEASHELLS;12225.0;7
113100;;;DIP;SEASHELLS;7075.0;4
113100;;;PEARLS;SEASHELLS;10002.0;1
113300;;;BAGUETTE;SEASHELLS;12227.0;5
113700;;;BANANAS;SEASHELLS;4812.0;10
113800;;;BANANAS;SEASHELLS;4817.0;12
114000;;;BERRIES;SEASHELLS;3865.0;11
114000;;;PEARLS;SEASHELLS;10002.0;1
114100;;;PEARLS;SEASHELLS;9998.0;1
114100;;;UKULELE;SEASHELLS;20934.0;1
114100;;;BANANAS;SEASHELLS;4817.0;1
114100;;;PEARLS;SEASHELLS;9998.0;3
114300;;;BANANAS;SEASHELLS;4816.0;1
114300;;;PEARLS;SEASHELLS;9998.0;10
114300;;;PEARLS;SEASHELLS;9996.0;2
114500;;;BANANAS;SEASHELLS;4815.0;4
114500;;;BAGUETTE;SEASHELLS;12228.0;3
114500;;;BANANAS;SEASHELLS;4815.0;3
114600;;;BERRIES;SEASHELLS;3858.0;5
114600;;;COCONUTS;SEASHELLS;7909.0;8
114700;;;DIVING_GEAR;SEASHELLS;99250.0;1
114700;;;PINA_COLADAS;SEASHELLS;14846.0;23
114800;;;UKULELE;SEASHELLS;20931.0;3
114900;;;UKULELE;SEASHELLS;20936.0;3
114900;;;PINA_COLADAS;SEASHELLS;14849.0;3
114900;;;PEARLS;SEASHELLS;9996.0;2
115000;;;BANANAS;SEASHELLS;4814.0;1
115000;;;DIVING_GEAR;SEASHELLS;99244.0;1
115100;;;PICNIC_BASKET;SEASHELLS;74090.0;2
115500;;;BANANAS;SEASHELLS;4810.0;3
115500;;;DIP;SEASHELLS;7073.0;4
115500;;;BANANAS;SEASHELLS;4810.0;1
115600;;;BANANAS;SEASHELLS;4812.0;1
115600;;;BERRIES;SEASHELLS;3858.0;1
115700;;;COCONUTS;SEASHELLS;7907.0;6
115700;;;BANANAS;SEASHELLS;4814.0;1
115900;;;BANANAS;SEASHELLS;4810.0;4
116100;;;BANANAS;SEASHELLS;4809.0;1
116100;;;PEARLS;SEASHELLS;10002.0;1
116100;;;BAGUETTE;SEASHELLS;12240.0;5
116100;;;UKULELE;SEASHELLS;20937.0;1
116400;;;PEARLS;SEASHELLS;9998.0;9
116400;;;UKULELE;SEASHELLS;20936.0;3
116500;;;BAGUETTE;SEASHELLS;12246.0;7
116600;;;PEARLS;SEASHELLS;9998.0;1
116600;;;BAGUETTE;SEASHELLS;12248.0;8
116600;;;BANANAS;SEASHELLS;4810.0;1
116800;;;PEARLS;SEASHELLS;9995.0;7
116800;;;DIVING_GEAR;SEASHELLS;99263.0;2
116900;;;BANANAS;SEASHELLS;4815.0;7
116900;;;PEARLS;SEASHELLS;10002.0;1
117000;;;DIP;SEASHELLS;7077.0;7
117000;;;PEARLS;SEASHELLS;10002.0;3
117100;;;PEARLS;SEASHELLS;9998.0;1
117100;;;BANANAS;SEASHELLS;4815.0;1
117300;;;PEARLS;SEASHELLS;9998.0;1
117300;;;BANANAS;SEASHELLS;4811.0;1
117400;;;PICNIC_BASKET;SEASHELLS;74144.0;2
117400;;;PICNIC_BASKET;SEASHELLS;74143.0;1
117400;;;PEARLS;SEASHELLS;9998.0;1
117400;;;PICNIC_BASKET;SEASHELLS;74156.0;2
117500;;;BANANAS;SEASHELLS;4811.0;1
117700;;;UKULELE;SEASHELLS;20947.0;2
117700;;;BERRIES;SEASHELLS;3864.0;8
117700;;;BAGUETTE;SEASHELLS;12251.0;4
117800;;;PEARLS;SEASHELLS;9998.0;1
117800;;;BANANAS;SEASHELLS;4815.0;1
118000;;;COCONUTS;SEASHELLS;7903.0;20
118000;;;BANANAS;SEASHELLS;4811.0;14
118100;;;BANANAS;SEASHELLS;4815.0;1
118100;;;PEARLS;SEASHELLS;9996.0;1
118400;;;DIP;SEASHELLS;7079.0;9
118600;;;PICNIC_BASKET;SEASHELLS;74177.0;9
118800;;;BANANAS;SEASHELLS;4810.0;1
119100;;;UKULELE;SEASHELLS;20948.0;3
119100;;;BANANAS;SEASHELLS;4814.0;2
119100;;;PEARLS;SEASHELLS;10002.0;5
119100;;;PEARLS;SEASHELLS;10004.0;2
119200;;;UKULELE;SEASHELLS;20947.0;1
119200;;;PEARLS;SEASHELLS;9998.0;5
119200;;;PEARLS;SEASHELLS;9998.0;3
119500;;;BAGUETTE;SEASHELLS;12236.0;3
119800;;;BAGUETTE;SEASHELLS;12237.0;5
119800;;;BERRIES;SEASHELLS;3859.0;8
119900;;;DIP;SEASHELLS;7074.0;10
119900;;;BAGUETTE;SEASHELLS;12238.0;3
120000;;;PEARLS;SEASHELLS;10002.0;3
120300;;;BANANAS;SEASHELLS;4810.0;1
120300;;;PEARLS;SEASHELLS;9995.0;1
120400;;;DIP;SEASHELLS;7076.0;5
120500;;;BANANAS;SEASHELLS;4811.0;9
120500;;;BANANAS;SEASHELLS;4811.0;2
120800;;;BERRIES;SEASHELLS;3855.0;12
121000;;;PEARLS;SEASHELLS;10000.0;5
121200;;;PEARLS;SEASHELLS;9998.0;1
121300;;;DIP;SEASHELLS;7074.0;6
121700;;;PEARLS;SEASHELLS;10002.0;1
121700;;;BANANAS;SEASHELLS;4812.0;3
121800;;;BERRIES;SEASHELLS;3856.0;15
121800;;;BAGUETTE;SEASHELLS;12237.0;8
122100;;;BANANAS;SEASHELLS;4818.0;7
122100;;;PEARLS;SEASHELLS;9998.0;1
122200;;;BANANAS;SEASHELLS;4812.0;1
122500;;;UKULELE;SEASHELLS;20930.0;3
122500;;;PINA_COLADAS;SEASHELLS;14816.0;4
122500;;;BANANAS;SEASHELLS;4811.0;1
122600;;;PEARLS;SEASHELLS;9998.0;1
122900;;;BANANAS;SEASHELLS;4810.0;1
122900;;;PEARLS;SEASHELLS;9996.0;1
123000;;;BANANAS;SEASHELLS;4814.0;1
123200;;;BANANAS;SEASHELLS;4815.0;1
123400;;;DIP;SEASHELLS;7076.0;9
123400;;;UKULELE;SEASHELLS;20929.0;4
123700;;;DIP;SEASHELLS;7077.0;9
123800;;;PEARLS;SEASHELLS;10002.0;2
123800;;;BANANAS;SEASHELLS;4814.0;2
123900;;;BANANAS;SEASHELLS;4810.0;1
124000;;;COCONUTS;SEASHELLS;7885.0;44
124400;;;DIP;SEASHELLS;7078.0;9
124400;;;BANANAS;SEASHELLS;4815.0;1
124700;;;DIP;SEASHELLS;7078.0;3
124700;;;PEARLS;SEASHELLS;9998.0;1
124800;;;BAGUETTE;SEASHELLS;12219.0;7
124900;;;BERRIES;SEASHELLS;3860.0;8
125000;;;PICNIC_BASKET;SEASHELLS;74177.0;2
125100;;;BANANAS;SEASHELLS;4809.0;1
125100;;;PEARLS;SEASHELLS;9996.0;1
125600;;;UKULELE;SEASHELLS;20928.0;1
125600;;;PEARLS;SEASHELLS;10002.0;1
125900;;;DIVING_GEAR;SEASHELLS;99367.0;3
126000;;;PICNIC_BASKET;SEASHELLS;74188.0;2
126200;;;PEARLS;SEASHELLS;9998.0;3
126200;;;PEARLS;SEASHELLS;9998.0;1
126300;;;PEARLS;SEASHELLS;9998.0;1
126300;;;BAGUETTE;SEASHELLS;12223.0;7
126400;;;PEARLS;SEASHELLS;9996.0;1
126400;;;BANANAS;SEASHELLS;4808.0;1
126500;;;BANANAS;SEASHELLS;4814.0;1
126600;;;BAGUETTE;SEASHELLS;12225.0;7
126700;;;PEARLS;SEASHELLS;9996.0;1
126700;;;BANANAS;SEASHELLS;4809.0;1
126700;;;BANANAS;SEASHELLS;4808.0;1
126700;;;BERRIES;SEASHELLS;3863.0;8
126800;;;BERRIES;SEASHELLS;3863.0;10
126900;;;BANANAS;SEASHELLS;4808.0;2
126900;;;UKULELE;SEASHELLS;20941.0;5
127000;;;BANANAS;SEASHELLS;4814.0;1
127000;;;PEARLS;SEASHELLS;10000.0;1
127100;;;BAGUETTE;SEASHELLS;12222.0;4
127200;;;DIP;SEASHELLS;7081.0;10
127300;;;DIP;SEASHELLS;7082.0;9
127300;;;BAGUETTE;SEASHELLS;12220.0;10
127600;;;DIVING_GEAR;SEASHELLS;99375.0;2
127700;;;BANANAS;SEASHELLS;4806.0;1
127900;;;BANANAS;SEASHELLS;4805.0;1
128000;;;BANANAS;SEASHELLS;4806.0;2
128000;;;PEARLS;SEASHELLS;9998.0;2
128100;;;UKULELE;SEASHELLS;20958.0;2
128100;;;DIP;SEASHELLS;7087.0;11
128200;;;BANANAS;SEASHELLS;4805.0;1
128300;;;BAGUETTE;SEASHELLS;12227.0;4
128300;;;DIP;SEASHELLS;7087.0;5
128500;;;PEARLS;SEASHELLS;10002.0;3
128800;;;PEARLS;SEASHELLS;10002.0;1
128800;;;BAGUETTE;SEASHELLS;12228.0;5
129000;;;BAGUETTE;SEASHELLS;12225.0;5
129100;;;BANANAS;SEASHELLS;4807.0;1
129200;;;UKULELE;SEASHELLS;20951.0;4
129200;;;BANANAS;SEASHELLS;4807.0;1
129300;;;BANANAS;SEASHELLS;4807.0;1
129600;;;PEARLS;SEASHELLS;10000.0;1
129600;;;BANANAS;SEASHELLS;4812.0;1
129800;;;BERRIES;SEASHELLS;3861.0;1
130000;;;BANANAS;SEASHELLS;4805.0;2
130000;;;PEARLS;SEASHELLS;9996.0;2
130400;;;COCONUTS;SEASHELLS;7886.0;9
130400;;;BERRIES;SEASHELLS;3857.0;3
130500;;;UKULELE;SEASHELLS;20945.0;4
130500;;;DIP;SEASHELLS;7082.0;5
130600;;;BERRIES;SEASHELLS;3855.0;8
130700;;;COCONUTS;SEASHELLS;7884.0;16
131100;;;DIVING_GEAR;SEASHELLS;99393.0;3
131100;;;PICNIC_BASKET;SEASHELLS;74232.0;2
131200;;;PEARLS;SEASHELLS;10002.0;1
131300;;;UKULELE;SEASHELLS;20948.0;2
131300;;;COCONUTS;SEASHELLS;7887.0;17
131400;;;BANANAS;SEASHELLS;4813.0;1
131400;;;BANANAS;SEASHELLS;4808.0;7
131500;;;UKULELE;SEASHELLS;20950.0;1
131700;;;DIVING_GEAR;SEASHELLS;99376.0;1
131800;;;DIVING_GEAR;SEASHELLS;99386.0;2
131800;;;DIP;SEASHELLS;7082.0;12
132100;;;PINA_COLADAS;SEASHELLS;14846.0;4
132100;;;UKULELE;SEASHELLS;20943.0;3
132100;;;BANANAS;SEASHELLS;4807.0;1
132600;;;BANANAS;SEASHELLS;4807.0;2
132600;;;BANANAS;SEASHELLS;4813.0;2
132600;;;PEARLS;SEASHELLS;10004.0;2
132700;;;COCONUTS;SEASHELLS;7897.0;10
132800;;;DIVING_GEAR;SEASHELLS;99390.0;1
132900;;;BERRIES;SEASHELLS;3861.0;10
133000;;;DIP;SEASHELLS;7075.0;8
133100;;;DIP;SEASHELLS;7076.0;5
133200;;;PEARLS;SEASHELLS;9996.0;7
133200;;;PEARLS;SEASHELLS;9996.0;1
133200;;;BAGUETTE;SEASHELLS;12257.0;3
133300;;;PICNIC_BASKET;SEASHELLS;74183.0;1
133800;;;BAGUETTE;SEASHELLS;12259.0;4
134200;;;DIVING_GEAR;SEASHELLS;99406.0;3
134300;;;PICNIC_BASKET;SEASHELLS;74186.0;10
134500;;;UKULELE;SEASHELLS;20932.0;4
134600;;;BERRIES;SEASHELLS;3860.0;4
134800;;;BANANAS;SEASHELLS;4815.0;1
134800;;;UKULELE;SEASHELLS;20927.0;2
134800;;;DIP;SEASHELLS;7079.0;10
134800;;;DIVING_GEAR;SEASHELLS;99395.0;1
135000;;;BANANAS;SEASHELLS;4815.0;1
135000;;;UKULELE;SEASHELLS;20927.0;2
135200;;;DIVING_GEAR;SEASHELLS;99381.0;1
135400;;;COCONUTS;SEASHELLS;7902.0;7
135500;;;DIP;SEASHELLS;7079.0;6
135600;;;BERRIES;SEASHELLS;3856.0;11
135700;;;BANANAS;SEASHELLS;4812.0;3
135700;;;DIVING_GEAR;SEASHELLS;99404.0;2
135800;;;DIVING_GEAR;SEASHELLS;99397.0;1
135800;;;DIP;SEASHELLS;7080.0;9
136100;;;PINA_COLADAS;SEASHELLS;14870.0;30
136200;;;DIVING_GEAR;SEASHELLS;99392.0;1
136300;;;PEARLS;SEASHELLS;9998.0;3
136500;;;BANANAS;SEASHELLS;4810.0;1
136500;;;PEARLS;SEASHELLS;9996.0;1
136500;;;COCONUTS;SEASHELLS;7901.0;30
136600;;;PEARLS;SEASHELLS;10002.0;2
136600;;;PEARLS;SEASHELLS;10002.0;2
136700;;;DIVING_GEAR;SEASHELLS;99421.0;1
136700;;;UKULELE;SEASHELLS;20924.0;5
136800;;;BANANAS;SEASHELLS;4811.0;1
136900;;;PICNIC_BASKET;SEASHELLS;74210.0;2
137000;;;BAGUETTE;SEASHELLS;12274.0;6
137000;;;PICNIC_BASKET;SEASHELLS;74230.0;6
137000;;;BAGUETTE;SEASHELLS;12273.0;4
137000;;;PEARLS;SEASHELLS;9998.0;1
137100;;;BERRIES;SEASHELLS;3863.0;2
137100;;;DIP;SEASHELLS;7083.0;6
137400;;;PINA_COLADAS;SEASHELLS;14868.0;5
137400;;;PINA_COLADAS;SEASHELLS;14868.0;30
137500;;;UKULELE;SEASHELLS;20926.0;2
137600;;;BANANAS;SEASHELLS;4817.0;1
137700;;;BAGUETTE;SEASHELLS;12263.0;4
138000;;;PICNIC_BASKET;SEASHELLS;74184.0;2
138000;;;BERRIES;SEASHELLS;3858.0;2
138000;;;PICNIC_BASKET;SEASHELLS;74183.0;5
138100;;;PICNIC_BASKET;SEASHELLS;74188.0;3
138200;;;PEARLS;SEASHELLS;9995.0;7
138300;;;PEARLS;SEASHELLS;9998.0;1
138400;;;DIP;SEASHELLS;7084.0;5
138600;;;DIVING_GEAR;SEASHELLS;99405.0;1
138800;;;BANANAS;SEASHELLS;4814.0;1
138900;;;PEARLS;SEASHELLS;9998.0;1
139000;;;PEARLS;SEASHELLS;9998.0;1
139200;;;PEARLS;SEASHELLS;10002.0;1
139300;;;PEARLS;SEASHELLS;9998.0;2
139300;;;BAGUETTE;SEASHELLS;12239.0;8
139300;;;BAGUETTE;SEASHELLS;12239.0;5
139400;;;BERRIES;SEASHELLS;3864.0;7
139500;;;DIP;SEASHELLS;7087.0;5
139600;;;DIP;SEASHELLS;7088.0;9
139900;;;BERRIES;SEASHELLS;3860.0;13
140000;;;DIVING_GEAR;SEASHELLS;99368.0;1
140100;;;PEARLS;SEASHELLS;9995.0;1
140100;;;BANANAS;SEASHELLS;4807.0;1
140200;;;BANANAS;SEASHELLS;4812.0;10
140200;;;DIVING_GEAR;SEASHELLS;99376.0;1
140400;;;BANANAS;SEASHELLS;4812.0;2
140400;;;BANANAS;SEASHELLS;4807.0;1
140400;;;DIP;SEASHELLS;7092.0;9
140400;;;PEARLS;SEASHELLS;10002.0;2
140500;;;BAGUETTE;SEASHELLS;12252.0;8
140500;;;PEARLS;SEASHELLS;9998.0;3
140500;;;BANANAS;SEASHELLS;4812.0;1
140600;;;UKULELE;SEASHELLS;20903.0;3
140800;;;BAGUETTE;SEASHELLS;12255.0;4
141000;;;BERRIES;SEASHELLS;3857.0;12
141000;;;PINA_COLADAS;SEASHELLS;14870.0;23
141100;;;DIP;SEASHELLS;7090.0;6
141100;;;BANANAS;SEASHELLS;4808.0;1
141200;;;PICNIC_BASKET;SEASHELLS;74227.0;1
141400;;;PEARLS;SEASHELLS;9995.0;7
141500;;;PINA_COLADAS;SEASHELLS;14870.0;4
141600;;;DIVING_GEAR;SEASHELLS;99306.0;1
141800;;;DIP;SEASHELLS;7088.0;7
141900;;;BERRIES;SEASHELLS;3856.0;6
141900;;;BANANAS;SEASHELLS;4808.0;1
141900;;;PEARLS;SEASHELLS;10004.0;1
142100;;;PEARLS;SEASHELLS;9996.0;1
142100;;;BANANAS;SEASHELLS;4808.0;1
142200;;;BERRIES;SEASHELLS;3861.0;3
142200;;;DIP;SEASHELLS;7090.0;10
142300;;;BANANAS;SEASHELLS;4808.0;17
142400;;;BERRIES;SEASHELLS;3856.0;2
142400;;;PEARLS;SEASHELLS;9995.0;12
142500;;;UKULELE;SEASHELLS;20910.0;3
142700;;;DIVING_GEAR;SEASHELLS;99314.0;3
142800;;;PICNIC_BASKET;SEASHELLS;74211.0;2
142800;;;BAGUETTE;SEASHELLS;12243.0;6
143100;;;PEARLS;SEASHELLS;9998.0;2
143100;;;UKULELE;SEASHELLS;20904.0;5
143200;;;BANANAS;SEASHELLS;4814.0;1
143300;;;DIVING_GEAR;SEASHELLS;99321.0;2
143300;;;BAGUETTE;SEASHELLS;12240.0;5
143500;;;BANANAS;SEASHELLS;4814.0;2
143700;;;BAGUETTE;SEASHELLS;12240.0;6
143700;;;DIP;SEASHELLS;7088.0;5
143900;;;DIP;SEASHELLS;7086.0;8
143900;;;DIVING_GEAR;SEASHELLS;99352.0;3
143900;;;BAGUETTE;SEASHELLS;12241.0;8
144000;;;UKULELE;SEASHELLS;20907.0;2
144200;;;BANANAS;SEASHELLS;4809.0;2
144200;;;PEARLS;SEASHELLS;9996.0;2
144300;;;BAGUETTE;SEASHELLS;12236.0;6
144500;;;PEARLS;SEASHELLS;10002.0;3
144500;;;BANANAS;SEASHELLS;4812.0;4
144600;;;BANANAS;SEASHELLS;4814.0;1
144600;;;PICNIC_BASKET;SEASHELLS;74222.0;6
144600;;;PEARLS;SEASHELLS;10002.0;1
144600;;;PICNIC_BASKET;SEASHELLS;74222.0;2
144900;;;COCONUTS;SEASHELLS;7907.0;25
145100;;;BANANAS;SEASHELLS;4808.0;1
145300;;;DIVING_GEAR;SEASHELLS;99323.0;2
145700;;;PICNIC_BASKET;SEASHELLS;74120.0;1
145700;;;PICNIC_BASKET;SEASHELLS;74120.0;1
145900;;;DIP;SEASHELLS;7078.0;6
145900;;;BANANAS;SEASHELLS;4815.0;1
146000;;;DIP;SEASHELLS;7078.0;10
146000;;;BANANAS;SEASHELLS;4810.0;7
146000;;;DIVING_GEAR;SEASHELLS;99340.0;1
146200;;;DIP;SEASHELLS;7073.0;10
146300;;;COCONUTS;SEASHELLS;7910.0;28
146300;;;DIP;SEASHELLS;7073.0;5
146400;;;BERRIES;SEASHELLS;3855.0;10
146500;;;DIVING_GEAR;SEASHELLS;99323.0;3
146900;;;BANANAS;SEASHELLS;4812.0;3
146900;;;UKULELE;SEASHELLS;20915.0;1
146900;;;PEARLS;SEASHELLS;10002.0;1
147000;;;DIVING_GEAR;SEASHELLS;99303.0;3
147000;;;BAGUETTE;SEASHELLS;12229.0;3
147100;;;UKULELE;SEASHELLS;20916.0;1
147300;;;BANANAS;SEASHELLS;4815.0;1
147300;;;PINA_COLADAS;SEASHELLS;14875.0;4
147300;;;UKULELE;SEASHELLS;20918.0;3
147500;;;PICNIC_BASKET;SEASHELLS;74132.0;2
147600;;;BANANAS;SEASHELLS;4809.0;1
147700;;;PEARLS;SEASHELLS;10004.0;2
147700;;;PEARLS;SEASHELLS;10004.0;8
147700;;;BANANAS;SEASHELLS;4809.0;1
147800;;;PEARLS;SEASHELLS;9998.0;4
147800;;;PEARLS;SEASHELLS;9998.0;1
147900;;;BERRIES;SEASHELLS;3858.0;10
147900;;;DIVING_GEAR;SEASHELLS;99298.0;3
148000;;;UKULELE;SEASHELLS;20927.0;2
148200;;;PICNIC_BASKET;SEASHELLS;74090.0;1
148300;;;UKULELE;SEASHELLS;20922.0;1
148400;;;BERRIES;SEASHELLS;3857.0;5
148700;;;BANANAS;SEASHELLS;4811.0;13
148700;;;BERRIES;SEASHELLS;3861.0;14
148700;;;UKULELE;SEASHELLS;20921.0;3
148800;;;PEARLS;SEASHELLS;9998.0;1
148900;;;PEARLS;SEASHELLS;9998.0;5
148900;;;COCONUTS;SEASHELLS;7907.0;9
149000;;;BANANAS;SEASHELLS;4816.0;1
149000;;;PEARLS;SEASHELLS;10002.0;1
149000;;;BANANAS;SEASHELLS;4816.0;1
149200;;;BAGUETTE;SEASHELLS;12219.0;4
149400;;;BAGUETTE;SEASHELLS;12220.0;7
149400;;;DIP;SEASHELLS;7068.0;7
149500;;;BANANAS;SEASHELLS;4816.0;1
149500;;;BANANAS;SEASHELLS;4816.0;10
149600;;;BAGUETTE;SEASHELLS;12216.0;8
149600;;;BANANAS;SEASHELLS;4816.0;1
149700;;;BANANAS;SEASHELLS;4811.0;12
149700;;;COCONUTS;SEASHELLS;7906.0;29
149900;;;COCONUTS;SEASHELLS;7905.0;52
149900;;;UKULELE;SEASHELLS;20940.0;3
150100;;;BANANAS;SEASHELLS;4811.0;1
150100;;;PEARLS;SEASHELLS;10002.0;1
150200;;;BAGUETTE;SEASHELLS;12228.0;8
150300;;;PICNIC_BASKET;SEASHELLS;74145.0;2
150500;;;PEARLS;SEASHELLS;10002.0;3
150600;;;PEARLS;SEASHELLS;10004.0;1
150600;;;BANANAS;SEASHELLS;4817.0;1
150700;;;BANANAS;SEASHELLS;4810.0;8
150800;;;DIVING_GEAR;SEASHELLS;99319.0;1
150900;;;UKULELE;SEASHELLS;20951.0;4
151000;;;PINA_COLADAS;SEASHELLS;14871.0;24
151000;;;PINA_COLADAS;SEASHELLS;14871.0;5
151300;;;BANANAS;SEASHELLS;4811.0;3
151400;;;BAGUETTE;SEASHELLS;12240.0;3
151500;;;DIVING_GEAR;SEASHELLS;99313.0;2
151800;;;BAGUETTE;SEASHELLS;12239.0;7
152000;;;COCONUTS;SEASHELLS;7900.0;50
152100;;;BANANAS;SEASHELLS;4812.0;1
152100;;;BANANAS;SEASHELLS;4812.0;4
152200;;;PEARLS;SEASHELLS;10004.0;1
152200;;;BANANAS;SEASHELLS;4814.0;1
152300;;;BAGUETTE;SEASHELLS;12235.0;5
152300;;;UKULELE;SEASHELLS;20952.0;2
152700;;;PEARLS;SEASHELLS;9998.0;1
153000;;;DIVING_GEAR;SEASHELLS;99304.0;3
153100;;;PEARLS;SEASHELLS;10002.0;1
153100;;;DIP;SEASHELLS;7066.0;9
153200;;;DIP;SEASHELLS;7067.0;5
153200;;;PEARLS;SEASHELLS;10002.0;4
153300;;;DIP;SEASHELLS;7065.0;8
153500;;;UKULELE;SEASHELLS;20953.0;3
153500;;;BANANAS;SEASHELLS;4810.0;11
153600;;;PICNIC_BASKET;SEASHELLS;74061.0;2
153600;;;PICNIC_BASKET;SEASHELLS;74062.0;2
153700;;;PINA_COLADAS;SEASHELLS;14862.0;5
153800;;;UKULELE;SEASHELLS;20953.0;5
154000;;;PEARLS;SEASHELLS;10002.0;1
154000;;;BANANAS;SEASHELLS;4810.0;4
154000;;;BERRIES;SEASHELLS;3866.0;10
154000;;;BAGUETTE;SEASHELLS;12241.0;4
154100;;;DIP;SEASHELLS;7061.0;10
154200;;;UKULELE;SEASHELLS;20959.0;2
154300;;;BANANAS;SEASHELLS;4809.0;1
154300;;;DIVING_GEAR;SEASHELLS;99305.0;2
154600;;;DIP;SEASHELLS;7059.0;12
154800;;;UKULELE;SEASHELLS;20949.0;4
154900;;;PICNIC_BASKET;SEASHELLS;74058.0;1
154900;;;DIVING_GEAR;SEASHELLS;99316.0;3
155200;;;PEARLS;SEASHELLS;9996.0;1
155200;;;BANANAS;SEASHELLS;4809.0;2
155500;;;BANANAS;SEASHELLS;4808.0;1
156000;;;BANANAS;SEASHELLS;4807.0;1
156100;;;PEARLS;SEASHELLS;10002.0;2
156100;;;BANANAS;SEASHELLS;4812.0;2
156100;;;BERRIES;SEASHELLS;3863.0;1
156100;;;DIP;SEASHELLS;7056.0;8
156300;;;PEARLS;SEASHELLS;9998.0;2
156300;;;BANANAS;SEASHELLS;4814.0;2
156400;;;UKULELE;SEASHELLS;20947.0;4
156500;;;DIP;SEASHELLS;7059.0;7
156600;;;BANANAS;SEASHELLS;4812.0;1
156600;;;DIP;SEASHELLS;7057.0;11
156800;;;DIP;SEASHELLS;7055.0;9
156900;;;BAGUETTE;SEASHELLS;12236.0;3
157000;;;UKULELE;SEASHELLS;20953.0;1
157100;;;COCONUTS;SEASHELLS;7904.0;47
157300;;;BANANAS;SEASHELLS;4808.0;1
157300;;;PICNIC_BASKET;SEASHELLS;74100.0;8
157400;;;DIVING_GEAR;SEASHELLS;99304.0;3
157400;;;BAGUETTE;SEASHELLS;12238.0;3
157400;;;DIVING_GEAR;SEASHELLS;99304.0;2
157500;;;DIP;SEASHELLS;7056.0;5
157500;;;DIVING_GEAR;SEASHELLS;99304.0;1
157800;;;DIP;SEASHELLS;7059.0;4
157900;;;BANANAS;SEASHELLS;4809.0;6
158000;;;UKULELE;SEASHELLS;20957.0;5
158100;;;BANANAS;SEASHELLS;4811.0;1
158200;;;BAGUETTE;SEASHELLS;12247.0;5
158200;;;BANANAS;SEASHELLS;4810.0;1
158300;;;BANANAS;SEASHELLS;4811.0;2
158300;;;UKULELE;SEASHELLS;20957.0;1
158300;;;PEARLS;SEASHELLS;9995.0;2
158400;;;BERRIES;SEASHELLS;3863.0;2
158500;;;BANANAS;SEASHELLS;4816.0;4
158600;;;DIP;SEASHELLS;7062.0;4
158700;;;UKULELE;SEASHELLS;20954.0;5
158800;;;DIP;SEASHELLS;7062.0;8
158900;;;PEARLS;SEASHELLS;9998.0;1
158900;;;DIP;SEASHELLS;7063.0;5
159000;;;UKULELE;SEASHELLS;20951.0;3
159100;;;PICNIC_BASKET;SEASHELLS;74117.0;2
159400;;;BANANAS;SEASHELLS;4812.0;1
159600;;;BERRIES;SEASHELLS;3864.0;7
159600;;;PEARLS;SEASHELLS;10002.0;3
159700;;;PEARLS;SEASHELLS;9996.0;1
159700;;;BANANAS;SEASHELLS;4811.0;1
159800;;;BANANAS;SEASHELLS;4812.0;2
159800;;;PEARLS;SEASHELLS;9998.0;2
159900;;;UKULELE;SEASHELLS;20961.0;2
159900;;;BANANAS;SEASHELLS;4818.0;12
159900;;;PEARLS;SEASHELLS;10004.0;1
160200;;;BANANAS;SEASHELLS;4814.0;1
160300;;;UKULELE;SEASHELLS;20957.0;5
160400;;;DIVING_GEAR;SEASHELLS;99340.0;3
160600;;;PEARLS;SEASHELLS;9995.0;7
160600;;;BANANAS;SEASHELLS;4815.0;11
160600;;;BAGUETTE;SEASHELLS;12253.0;3
160700;;;BAGUETTE;SEASHELLS;12253.0;3
160900;;;BANANAS;SEASHELLS;4820.0;1
160900;;;PEARLS;SEASHELLS;10005.0;1
161100;;;BANANAS;SEASHELLS;4813.0;1
161100;;;PEARLS;SEASHELLS;9995.0;1
161100;;;BERRIES;SEASHELLS;3868.0;14
161200;;;BANANAS;SEASHELLS;4813.0;1
161200;;;DIP;SEASHELLS;7065.0;8
161400;;;UKULELE;SEASHELLS;20945.0;5
161500;;;BANANAS;SEASHELLS;4819.0;1
161500;;;PEARLS;SEASHELLS;10005.0;1
161600;;;PINA_COLADAS;SEASHELLS;14890.0;26
161600;;;UKULELE;SEASHELLS;20943.0;3
161800;;;UKULELE;SEASHELLS;20941.0;5
161800;;;BAGUETTE;SEASHELLS;12253.0;4
161900;;;DIVING_GEAR;SEASHELLS;99321.0;3
162000;;;PEARLS;SEASHELLS;10002.0;1
162100;;;PINA_COLADAS;SEASHELLS;14888.0;40
162100;;;PICNIC_BASKET;SEASHELLS;74074.0;4
162100;;;PEARLS;SEASHELLS;9998.0;5
162100;;;PICNIC_BASKET;SEASHELLS;74074.0;1
162100;;;BANANAS;SEASHELLS;4817.0;1
162300;;;BANANAS;SEASHELLS;4812.0;15
162300;;;BANANAS;SEASHELLS;4812.0;1
162400;;;DIVING_GEAR;SEASHELLS;99330.0;2
162500;;;BAGUETTE;SEASHELLS;12254.0;7
162500;;;BAGUETTE;SEASHELLS;12255.0;4
162600;;;BANANAS;SEASHELLS;4818.0;2
162600;;;PEARLS;SEASHELLS;10004.0;2
162900;;;BAGUETTE;SEASHELLS;12256.0;7
163000;;;BANANAS;SEASHELLS;4816.0;1
163000;;;PEARLS;SEASHELLS;9998.0;1
163100;;;BERRIES;SEASHELLS;3870.0;8
163100;;;BANANAS;SEASHELLS;4813.0;3
163100;;;DIP;SEASHELLS;7061.0;10
163200;;;BERRIES;SEASHELLS;3862.0;4
163300;;;PICNIC_BASKET;SEASHELLS;74081.0;1
163400;;;UKULELE;SEASHELLS;20937.0;5
163500;;;BANANAS;SEASHELLS;4814.0;13
163500;;;UKULELE;SEASHELLS;20932.0;5
163500;;;BANANAS;SEASHELLS;4814.0;1
163800;;;BANANAS;SEASHELLS;4813.0;1
163800;;;PEARLS;SEASHELLS;10005.0;1
163800;;;DIP;SEASHELLS;7063.0;8
163900;;;PEARLS;SEASHELLS;10004.0;1
163900;;;PEARLS;SEASHELLS;9998.0;1
163900;;;BANANAS;SEASHELLS;4819.0;2
163900;;;PEARLS;SEASHELLS;10004.0;1
164000;;;UKULELE;SEASHELLS;20942.0;4
164100;;;COCONUTS;SEASHELLS;7914.0;41
164300;;;DIVING_GEAR;SEASHELLS;99319.0;1
164300;;;BANANAS;SEASHELLS;4818.0;1
164300;;;PEARLS;SEASHELLS;10002.0;3
164500;;;COCONUTS;SEASHELLS;7913.0;10
164800;;;BANANAS;SEASHELLS;4816.0;1
164900;;;PEARLS;SEASHELLS;9996.0;2
164900;;;PEARLS;SEASHELLS;9996.0;6
165000;;;DIP;SEASHELLS;7052.0;8
165100;;;DIP;SEASHELLS;7054.0;4
165400;;;PEARLS;SEASHELLS;9998.0;2
165500;;;BAGUETTE;SEASHELLS;12265.0;7
165600;;;UKULELE;SEASHELLS;20937.0;4
165600;;;BERRIES;SEASHELLS;3867.0;14
165800;;;BANANAS;SEASHELLS;4812.0;1
165800;;;BERRIES;SEASHELLS;3861.0;9
165800;;;PEARLS;SEASHELLS;10002.0;1
165900;;;PEARLS;SEASHELLS;9998.0;1
166100;;;PEARLS;SEASHELLS;9998.0;3
166300;;;PINA_COLADAS;SEASHELLS;14901.0;10
166500;;;BANANAS;SEASHELLS;4814.0;5
166500;;;BAGUETTE;SEASHELLS;12259.0;8
166600;;;COCONUTS;SEASHELLS;7912.0;5
166600;;;BANANAS;SEASHELLS;4813.0;1
166600;;;UKULELE;SEASHELLS;20942.0;4
166700;;;DIP;SEASHELLS;7049.0;6
166700;;;COCONUTS;SEASHELLS;7910.0;67
166800;;;BAGUETTE;SEASHELLS;12256.0;3
167000;;;PEARLS;SEASHELLS;9998.0;5
167000;;;DIP;SEASHELLS;7045.0;10
167100;;;PEARLS;SEASHELLS;10004.0;2
167100;;;BANANAS;SEASHELLS;4814.0;1
167100;;;DIP;SEASHELLS;7045.0;8
167300;;;UKULELE;SEASHELLS;20959.0;2
167300;;;PEARLS;SEASHELLS;10005.0;5
167400;;;PICNIC_BASKET;SEASHELLS;74144.0;6
167500;;;BANANAS;SEASHELLS;4819.0;2
167500;;;PEARLS;SEASHELLS;9998.0;1
168100;;;PEARLS;SEASHELLS;10002.0;1
168200;;;PEARLS;SEASHELLS;9998.0;4
168300;;;UKULELE;SEASHELLS;20968.0;5
168300;;;BAGUETTE;SEASHELLS;12250.0;8
168500;;;BANANAS;SEASHELLS;4813.0;1
168600;;;BERRIES;SEASHELLS;3858.0;10
168600;;;UKULELE;SEASHELLS;20963.0;3
168700;;;DIP;SEASHELLS;7050.0;8
168800;;;UKULELE;SEASHELLS;20962.0;2
168900;;;BANANAS;SEASHELLS;4814.0;8
168900;;;PEARLS;SEASHELLS;9998.0;2
168900;;;BANANAS;SEASHELLS;4814.0;1
169000;;;UKULELE;SEASHELLS;20962.0;2
169300;;;PINA_COLADAS;SEASHELLS;14903.0;13
169300;;;PEARLS;SEASHELLS;10002.0;1
169400;;;UKULELE;SEASHELLS;20973.0;5
169400;;;BANANAS;SEASHELLS;4819.0;1
169400;;;PICNIC_BASKET;SEASHELLS;74154.0;10
169600;;;COCONUTS;SEASHELLS;7912.0;16
169700;;;PEARLS;SEASHELLS;9998.0;1
169800;;;BANANAS;SEASHELLS;4820.0;2
169800;;;PEARLS;SEASHELLS;10004.0;2
169900;;;PINA_COLADAS;SEASHELLS;14899.0;15
170000;;;DIP;SEASHELLS;7052.0;4
170100;;;BANANAS;SEASHELLS;4820.0;2
170100;;;PEARLS;SEASHELLS;10005.0;2
170200;;;BANANAS;SEASHELLS;4818.0;1
170200;;;DIVING_GEAR;SEASHELLS;99452.0;3
170400;;;BANANAS;SEASHELLS;4812.0;1
170700;;;PEARLS;SEASHELLS;9996.0;1
170700;;;UKULELE;SEASHELLS;20960.0;2
170700;;;BANANAS;SEASHELLS;4810.0;1
170800;;;DIP;SEASHELLS;7061.0;10
170800;;;PINA_COLADAS;SEASHELLS;14905.0;6
170800;;;PEARLS;SEASHELLS;10002.0;1
170900;;;UKULELE;SEASHELLS;20959.0;2
171000;;;UKULELE;SEASHELLS;20955.0;3
171400;;;BERRIES;SEASHELLS;3858.0;3
171400;;;UKULELE;SEASHELLS;20954.0;4
171500;;;PEARLS;SEASHELLS;9996.0;1
171600;;;PEARLS;SEASHELLS;9996.0;2
171700;;;DIP;SEASHELLS;7055.0;4
171900;;;BERRIES;SEASHELLS;3855.0;4
171900;;;BAGUETTE;SEASHELLS;12262.0;10
172200;;;PEARLS;SEASHELLS;9998.0;1
172200;;;DIVING_GEAR;SEASHELLS;99504.0;1
172300;;;PICNIC_BASKET;SEASHELLS;74221.0;2
172300;;;PEARLS;SEASHELLS;10002.0;2
172400;;;BANANAS;SEASHELLS;4808.0;1
172400;;;BERRIES;SEASHELLS;3862.0;13
172500;;;PINA_COLADAS;SEASHELLS;14912.0;2
172600;;;PICNIC_BASKET;SEASHELLS;74205.0;1
172600;;;BANANAS;SEASHELLS;4813.0;12
173100;;;BANANAS;SEASHELLS;4806.0;1
173100;;;PEARLS;SEASHELLS;9996.0;1
173300;;;UKULELE;SEASHELLS;20956.0;5
173300;;;DIP;SEASHELLS;7059.0;7
173300;;;BANANAS;SEASHELLS;4810.0;4
173300;;;BANANAS;SEASHELLS;4810.0;1
173400;;;BANANAS;SEASHELLS;4811.0;1
173400;;;BERRIES;SEASHELLS;3857.0;5
173600;;;BANANAS;SEASHELLS;4811.0;1
173600;;;PEARLS;SEASHELLS;9998.0;1
173700;;;BAGUETTE;SEASHELLS;12274.0;8
173800;;;BANANAS;SEASHELLS;4806.0;1
173900;;;BANANAS;SEASHELLS;4805.0;1
173900;;;UKULELE;SEASHELLS;20959.0;4
174000;;;DIVING_GEAR;SEASHELLS;99534.0;2
174200;;;PEARLS;SEASHELLS;10004.0;2
174400;;;PINA_COLADAS;SEASHELLS;14925.0;5
174400;;;DIP;SEASHELLS;7057.0;8
174500;;;BAGUETTE;SEASHELLS;12266.0;7
174700;;;BANANAS;SEASHELLS;4805.0;1
174800;;;PEARLS;SEASHELLS;9995.0;1
174800;;;BANANAS;SEASHELLS;4804.0;1
175200;;;PICNIC_BASKET;SEASHELLS;74202.0;1
175200;;;PEARLS;SEASHELLS;10002.0;1
175300;;;BANANAS;SEASHELLS;4805.0;1
175300;;;UKULELE;SEASHELLS;20964.0;1
175500;;;BANANAS;SEASHELLS;4806.0;2
175500;;;UKULELE;SEASHELLS;20967.0;2
175800;;;BERRIES;SEASHELLS;3869.0;5
175800;;;BANANAS;SEASHELLS;4809.0;1
176000;;;DIP;SEASHELLS;7053.0;11
176100;;;BANANAS;SEASHELLS;4812.0;4
176200;;;BANANAS;SEASHELLS;4812.0;1
176200;;;PEARLS;SEASHELLS;10005.0;1
176500;;;PICNIC_BASKET;SEASHELLS;74205.0;1
176800;;;PICNIC_BASKET;SEASHELLS;74249.0;1
176800;;;PICNIC_BASKET;SEASHELLS;74243.0;4
177000;;;BANANAS;SEASHELLS;4812.0;1
177200;;;UKULELE;SEASHELLS;20955.0;5
177700;;;BANANAS;SEASHELLS;4806.0;3
177700;;;BANANAS;SEASHELLS;4811.0;1
177800;;;PEARLS;SEASHELLS;9998.0;1
177900;;;DIP;SEASHELLS;7065.0;7
178100;;;DIVING_GEAR;SEASHELLS;99570.0;1
178100;;;BANANAS;SEASHELLS;4807.0;1
178200;;;BERRIES;SEASHELLS;3874.0;5
178400;;;PEARLS;SEASHELLS;9998.0;1
178500;;;PEARLS;SEASHELLS;9998.0;3
178700;;;PEARLS;SEASHELLS;9998.0;1
178700;;;BANANAS;SEASHELLS;4807.0;1
178800;;;PEARLS;SEASHELLS;10002.0;2
178800;;;BANANAS;SEASHELLS;4809.0;2
179200;;;UKULELE;SEASHELLS;20930.0;5
179300;;;BANANAS;SEASHELLS;4807.0;12
179500;;;BERRIES;SEASHELLS;3870.0;10
179600;;;PEARLS;SEASHELLS;10002.0;4
179700;;;BANANAS;SEASHELLS;4815.0;9
179700;;;BANANAS;SEASHELLS;4808.0;1
179800;;;PEARLS;SEASHELLS;10004.0;2
179800;;;BANANAS;SEASHELLS;4814.0;2
179800;;;DIP;SEASHELLS;7069.0;8
179900;;;DIVING_GEAR;SEASHELLS;99589.0;2
179900;;;PICNIC_BASKET;SEASHELLS;74342.0;10
180000;;;DIVING_GEAR;SEASHELLS;99597.0;2
180300;;;PICNIC_BASKET;SEASHELLS;74381.0;2
180300;;;BANANAS;SEASHELLS;4813.0;1
180300;;;PEARLS;SEASHELLS;9998.0;1
180300;;;PICNIC_BASKET;SEASHELLS;74381.0;4
180600;;;PEARLS;SEASHELLS;10004.0;1
180600;;;BANANAS;SEASHELLS;4810.0;1
180600;;;BAGUETTE;SEASHELLS;12258.0;8
180800;;;BAGUETTE;SEASHELLS;12255.0;4
180800;;;BANANAS;SEASHELLS;4814.0;10
180800;;;PICNIC_BASKET;SEASHELLS;74397.0;6
180900;;;PEARLS;SEASHELLS;9996.0;1
180900;;;BANANAS;SEASHELLS;4808.0;1
181400;;;BANANAS;SEASHELLS;4807.0;7
181400;;;DIP;SEASHELLS;7071.0;5
181400;;;PICNIC_BASKET;SEASHELLS;74395.0;2
181600;;;BANANAS;SEASHELLS;4812.0;3
181700;;;BANANAS;SEASHELLS;4813.0;1
181700;;;PEARLS;SEASHELLS;9998.0;1
181800;;;DIVING_GEAR;SEASHELLS;99624.0;1
182100;;;PICNIC_BASKET;SEASHELLS;74393.0;7
182200;;;DIVING_GEAR;SEASHELLS;99628.0;2
182500;;;BAGUETTE;SEASHELLS;12257.0;6
182500;;;UKULELE;SEASHELLS;20911.0;4
182600;;;DIP;SEASHELLS;7070.0;6
182700;;;UKULELE;SEASHELLS;20910.0;4
182700;;;DIVING_GEAR;SEASHELLS;99631.0;2
182700;;;BAGUETTE;SEASHELLS;12252.0;7
182900;;;BAGUETTE;SEASHELLS;12251.0;5
183100;;;PEARLS;SEASHELLS;9998.0;2
183200;;;BANANAS;SEASHELLS;4807.0;1
183200;;;UKULELE;SEASHELLS;20906.0;5
183300;;;BANANAS;SEASHELLS;4808.0;1
183400;;;BANANAS;SEASHELLS;4807.0;1
183500;;;BANANAS;SEASHELLS;4808.0;12
183600;;;PEARLS;SEASHELLS;10005.0;2
183600;;;DIVING_GEAR;SEASHELLS;99652.0;2
183600;;;BAGUETTE;SEASHELLS;12249.0;4
183600;;;BANANAS;SEASHELLS;4807.0;5
183700;;;BAGUETTE;SEASHELLS;12250.0;6
183700;;;DIVING_GEAR;SEASHELLS;99648.0;1
183800;;;BAGUETTE;SEASHELLS;12250.0;7
183800;;;PEARLS;SEASHELLS;10002.0;1
183800;;;BANANAS;SEASHELLS;4808.0;1
183800;;;BAGUETTE;SEASHELLS;12249.0;9
183900;;;PEARLS;SEASHELLS;9995.0;2
183900;;;BANANAS;SEASHELLS;4812.0;1
184000;;;BAGUETTE;SEASHELLS;12246.0;3
184000;;;PINA_COLADAS;SEASHELLS;14916.0;27
184000;;;BANANAS;SEASHELLS;4812.0;1
184000;;;PINA_COLADAS;SEASHELLS;14916.0;8
184400;;;DIVING_GEAR;SEASHELLS;99636.0;3
184400;;;DIP;SEASHELLS;7072.0;6
184500;;;PEARLS;SEASHELLS;10002.0;1
184500;;;DIP;SEASHELLS;7072.0;7
184600;;;DIP;SEASHELLS;7071.0;11
184600;;;UKULELE;SEASHELLS;20883.0;2
184600;;;DIP;SEASHELLS;7072.0;4
184800;;;COCONUTS;SEASHELLS;7921.0;10
184800;;;BANANAS;SEASHELLS;4812.0;1
184800;;;COCONUTS;SEASHELLS;7921.0;64
184900;;;PICNIC_BASKET;SEASHELLS;74319.0;1
184900;;;BANANAS;SEASHELLS;4807.0;1
184900;;;UKULELE;SEASHELLS;20882.0;3
184900;;;BANANAS;SEASHELLS;4807.0;2
184900;;;BAGUETTE;SEASHELLS;12253.0;7
184900;;;DIP;SEASHELLS;7071.0;8
185100;;;DIVING_GEAR;SEASHELLS;99641.0;1
185600;;;BERRIES;SEASHELLS;3874.0;7
185600;;;PEARLS;SEASHELLS;10002.0;2
185800;;;BERRIES;SEASHELLS;3867.0;10
185900;;;DIP;SEASHELLS;7074.0;8
185900;;;BANANAS;SEASHELLS;4807.0;2
185900;;;BANANAS;SEASHELLS;4807.0;7
185900;;;COCONUTS;SEASHELLS;7923.0;10
185900;;;PEARLS;SEASHELLS;10005.0;2
185900;;;BANANAS;SEASHELLS;4807.0;3
186100;;;BAGUETTE;SEASHELLS;12261.0;5
186200;;;BANANAS;SEASHELLS;4806.0;1
186200;;;DIP;SEASHELLS;7073.0;5
186200;;;PEARLS;SEASHELLS;9998.0;1
186300;;;DIP;SEASHELLS;7073.0;5
186400;;;COCONUTS;SEASHELLS;7923.0;73
186500;;;DIP;SEASHELLS;7071.0;7
186600;;;PEARLS;SEASHELLS;10002.0;1
186700;;;UKULELE;SEASHELLS;20873.0;5
186800;;;BANANAS;SEASHELLS;4812.0;1
186900;;;DIVING_GEAR;SEASHELLS;99686.0;2
187100;;;DIP;SEASHELLS;7074.0;9
187200;;;DIVING_GEAR;SEASHELLS;99698.0;1
187300;;;BAGUETTE;SEASHELLS;12261.0;6
187700;;;BAGUETTE;SEASHELLS;12261.0;4
187800;;;BERRIES;SEASHELLS;3865.0;5
187900;;;PEARLS;SEASHELLS;10004.0;2
187900;;;BERRIES;SEASHELLS;3873.0;12
187900;;;PEARLS;SEASHELLS;10004.0;1
187900;;;BANANAS;SEASHELLS;4808.0;2
188100;;;UKULELE;SEASHELLS;20860.0;1
188200;;;BANANAS;SEASHELLS;4813.0;1
188200;;;DIP;SEASHELLS;7069.0;12
188300;;;DIVING_GEAR;SEASHELLS;99704.0;1
188500;;;DIP;SEASHELLS;7072.0;4
188600;;;PEARLS;SEASHELLS;10002.0;3
188900;;;DIP;SEASHELLS;7070.0;4
189000;;;PEARLS;SEASHELLS;9998.0;1
189100;;;DIVING_GEAR;SEASHELLS;99733.0;1
189100;;;PEARLS;SEASHELLS;9998.0;1
189100;;;PEARLS;SEASHELLS;9998.0;1
189100;;;BANANAS;SEASHELLS;4809.0;2
189200;;;UKULELE;SEASHELLS;20864.0;5
189600;;;DIP;SEASHELLS;7070.0;5
189700;;;PINA_COLADAS;SEASHELLS;14928.0;33
189700;;;BANANAS;SEASHELLS;4812.0;1
189700;;;PINA_COLADAS;SEASHELLS;14928.0;3
189800;;;PEARLS;SEASHELLS;10004.0;1
189800;;;BANANAS;SEASHELLS;4813.0;1
189900;;;BANANAS;SEASHELLS;4813.0;1
189900;;;DIVING_GEAR;SEASHELLS;99754.0;2
189900;;;BAGUETTE;SEASHELLS;12275.0;6
190100;;;BAGUETTE;SEASHELLS;12273.0;4
190100;;;BERRIES;SEASHELLS;3867.0;6
190300;;;BANANAS;SEASHELLS;4808.0;1
190300;;;BANANAS;SEASHELLS;4814.0;18
190500;;;BANANAS;SEASHELLS;4809.0;4
190800;;;UKULELE;SEASHELLS;20858.0;3
190900;;;BANANAS;SEASHELLS;4814.0;1
191000;;;DIVING_GEAR;SEASHELLS;99761.0;2
191000;;;BAGUETTE;SEASHELLS;12281.0;3
191000;;;UKULELE;SEASHELLS;20855.0;4
191100;;;PICNIC_BASKET;SEASHELLS;74290.0;2
191200;;;BAGUETTE;SEASHELLS;12278.0;4
191200;;;PICNIC_BASKET;SEASHELLS;74275.0;7
191400;;;DIP;SEASHELLS;7066.0;5
191500;;;BANANAS;SEASHELLS;4811.0;1
191700;;;DIP;SEASHELLS;7067.0;8
191700;;;DIP;SEASHELLS;7067.0;10
191700;;;BAGUETTE;SEASHELLS;12278.0;6
191800;;;BAGUETTE;SEASHELLS;12282.0;8
191900;;;DIVING_GEAR;SEASHELLS;99765.0;3
192100;;;BANANAS;SEASHELLS;4812.0;1
192200;;;BANANAS;SEASHELLS;4817.0;1
192300;;;BANANAS;SEASHELLS;4812.0;7
192300;;;BERRIES;SEASHELLS;3875.0;12
192300;;;BANANAS;SEASHELLS;4812.0;2
192300;;;BAGUETTE;SEASHELLS;12277.0;3
192500;;;BANANAS;SEASHELLS;4811.0;19
192600;;;PICNIC_BASKET;SEASHELLS;74265.0;5
192600;;;PICNIC_BASKET;SEASHELLS;74266.0;2
192800;;;BAGUETTE;SEASHELLS;12268.0;5
192800;;;PEARLS;SEASHELLS;9998.0;1
192800;;;PICNIC_BASKET;SEASHELLS;74280.0;8
193000;;;BAGUETTE;SEASHELLS;12266.0;8
193000;;;PICNIC_BASKET;SEASHELLS;74254.0;5
193200;;;PICNIC_BASKET;SEASHELLS;74252.0;9
193200;;;DIP;SEASHELLS;7067.0;6
193200;;;PEARLS;SEASHELLS;10002.0;1
193200;;;BANANAS;SEASHELLS;4817.0;1
193300;;;PEARLS;SEASHELLS;9998.0;4
193400;;;PEARLS;SEASHELLS;10002.0;1
193600;;;BAGUETTE;SEASHELLS;12263.0;7
193700;;;PEARLS;SEASHELLS;9998.0;1
193900;;;DIVING_GEAR;SEASHELLS;99791.0;2
194000;;;PEARLS;SEASHELLS;10002.0;1
194000;;;BANANAS;SEASHELLS;4815.0;1
194100;;;BAGUETTE;SEASHELLS;12269.0;4
194100;;;BANANAS;SEASHELLS;4810.0;1
194200;;;BANANAS;SEASHELLS;4816.0;9
194200;;;BANANAS;SEASHELLS;4815.0;1
194400;;;DIVING_GEAR;SEASHELLS;99781.0;1
194400;;;BAGUETTE;SEASHELLS;12262.0;7
194400;;;DIP;SEASHELLS;7064.0;7
194500;;;DIP;SEASHELLS;7066.0;6
194600;;;COCONUTS;SEASHELLS;7932.0;8
194700;;;BANANAS;SEASHELLS;4817.0;2
194700;;;PEARLS;SEASHELLS;10005.0;2
194900;;;PEARLS;SEASHELLS;10002.0;1
194900;;;DIP;SEASHELLS;7065.0;7
195000;;;UKULELE;SEASHELLS;20785.0;4
195200;;;DIP;SEASHELLS;7064.0;7
195500;;;DIVING_GEAR;SEASHELLS;99792.0;1
195500;;;BAGUETTE;SEASHELLS;12263.0;4
195700;;;BAGUETTE;SEASHELLS;12258.0;8
195700;;;BANANAS;SEASHELLS;4811.0;1
195700;;;DIVING_GEAR;SEASHELLS;99804.0;2
196000;;;PICNIC_BASKET;SEASHELLS;74195.0;6
196100;;;DIP;SEASHELLS;7066.0;5
196300;;;DIVING_GEAR;SEASHELLS;99790.0;1
196400;;;BANANAS;SEASHELLS;4811.0;1
196700;;;UKULELE;SEASHELLS;20777.0;1
196800;;;DIP;SEASHELLS;7068.0;6
197200;;;BANANAS;SEASHELLS;4810.0;1
197300;;;BANANAS;SEASHELLS;4815.0;1
197300;;;BANANAS;SEASHELLS;4815.0;5
197400;;;BAGUETTE;SEASHELLS;12258.0;8
197400;;;PEARLS;SEASHELLS;9998.0;4
197400;;;BANANAS;SEASHELLS;4810.0;1
197500;;;UKULELE;SEASHELLS;20783.0;3
197600;;;DIP;SEASHELLS;7061.0;10
197800;;;PEARLS;SEASHELLS;10000.0;3
197800;;;PEARLS;SEASHELLS;10002.0;2
197900;;;UKULELE;SEASHELLS;20778.0;5
197900;;;BAGUETTE;SEASHELLS;12259.0;4
197900;;;DIP;SEASHELLS;7058.0;11
198200;;;BANANAS;SEASHELLS;4812.0;4
198200;;;PICNIC_BASKET;SEASHELLS;74151.0;3
198200;;;PICNIC_BASKET;SEASHELLS;74152.0;1
198300;;;BANANAS;SEASHELLS;4812.0;4
198300;;;DIVING_GEAR;SEASHELLS;99787.0;2
198400;;;DIP;SEASHELLS;7055.0;4
198600;;;BAGUETTE;SEASHELLS;12256.0;6
198600;;;BERRIES;SEASHELLS;3862.0;4
198700;;;BAGUETTE;SEASHELLS;12258.0;8
198700;;;UKULELE;SEASHELLS;20789.0;3
198800;;;BANANAS;SEASHELLS;4811.0;5
198800;;;BANANAS;SEASHELLS;4811.0;1
198800;;;BERRIES;SEASHELLS;3862.0;1
199000;;;BANANAS;SEASHELLS;4818.0;1
199000;;;PEARLS;SEASHELLS;10004.0;1
199100;;;DIP;SEASHELLS;7053.0;8
199300;;;BANANAS;SEASHELLS;4816.0;1
199700;;;PEARLS;SEASHELLS;10004.0;2
199700;;;BANANAS;SEASHELLS;4818.0;2
199900;;;DIVING_GEAR;SEASHELLS;99786.0;2
200000;;;UKULELE;SEASHELLS;20787.0;5
200100;;;BANANAS;SEASHELLS;4812.0;4
200200;;;DIP;SEASHELLS;7051.0;5
200300;;;PICNIC_BASKET;SEASHELLS;74028.0;1
200600;;;DIP;SEASHELLS;7049.0;12
200600;;;BANANAS;SEASHELLS;4819.0;2
200600;;;PEARLS;SEASHELLS;10004.0;2
200700;;;COCONUTS;SEASHELLS;7929.0;10
200800;;;COCONUTS;SEASHELLS;7930.0;61
200800;;;PEARLS;SEASHELLS;10004.0;2
200800;;;PEARLS;SEASHELLS;10004.0;6
200800;;;DIVING_GEAR;SEASHELLS;99777.0;1
200900;;;UKULELE;SEASHELLS;20780.0;2
201100;;;COCONUTS;SEASHELLS;7934.0;8
201300;;;PEARLS;SEASHELLS;10002.0;5
201300;;;PEARLS;SEASHELLS;10002.0;1
201300;;;BERRIES;SEASHELLS;3868.0;2
201300;;;DIP;SEASHELLS;7046.0;5
201300;;;BANANAS;SEASHELLS;4812.0;1
201600;;;BERRIES;SEASHELLS;3867.0;2
201700;;;PEARLS;SEASHELLS;10005.0;1
201700;;;BANANAS;SEASHELLS;4817.0;1
201700;;;BANANAS;SEASHELLS;4819.0;1
202000;;;PICNIC_BASKET;SEASHELLS;73999.0;5
202000;;;PICNIC_BASKET;SEASHELLS;74000.0;1
202000;;;DIP;SEASHELLS;7047.0;5
202000;;;BAGUETTE;SEASHELLS;12263.0;8
202100;;;BANANAS;SEASHELLS;4814.0;1
202300;;;BANANAS;SEASHELLS;4814.0;1
202400;;;UKULELE;SEASHELLS;20774.0;4
202400;;;PEARLS;SEASHELLS;10002.0;1
202900;;;DIP;SEASHELLS;7048.0;9
203000;;;BAGUETTE;SEASHELLS;12261.0;3
203000;;;PEARLS;SEASHELLS;10002.0;1
203100;;;BAGUETTE;SEASHELLS;12259.0;8
203100;;;BERRIES;SEASHELLS;3874.0;15
203100;;;UKULELE;SEASHELLS;20767.0;1
203200;;;BANANAS;SEASHELLS;4817.0;1
203200;;;DIVING_GEAR;SEASHELLS;99806.0;2
203300;;;PEARLS;SEASHELLS;9998.0;1
203300;;;BANANAS;SEASHELLS;4815.0;1
203400;;;BANANAS;SEASHELLS;4815.0;11
203400;;;BANANAS;SEASHELLS;4815.0;1
203600;;;PICNIC_BASKET;SEASHELLS;73948.0;2
203600;;;PICNIC_BASKET;SEASHELLS;73947.0;2
203700;;;PEARLS;SEASHELLS;10002.0;1
203700;;;PEARLS;SEASHELLS;10004.0;1
203700;;;BANANAS;SEASHELLS;4822.0;1
203800;;;BERRIES;SEASHELLS;3874.0;14
204200;;;BANANAS;SEASHELLS;4819.0;2
204200;;;BAGUETTE;SEASHELLS;12257.0;8
204300;;;PEARLS;SEASHELLS;10005.0;6
204400;;;PEARLS;SEASHELLS;10004.0;6
204400;;;PEARLS;SEASHELLS;10004.0;2
204400;;;DIP;SEASHELLS;7050.0;8
204500;;;PEARLS;SEASHELLS;10002.0;4
204600;;;BAGUETTE;SEASHELLS;12252.0;8
204700;;;UKULELE;SEASHELLS;20779.0;3
204700;;;BAGUETTE;SEASHELLS;12252.0;4
204900;;;DIVING_GEAR;SEASHELLS;99813.0;3
204900;;;BAGUETTE;SEASHELLS;12250.0;5
205100;;;PEARLS;SEASHELLS;9998.0;1
205200;;;BAGUETTE;SEASHELLS;12248.0;7
205300;;;PEARLS;SEASHELLS;9996.0;1
205300;;;UKULELE;SEASHELLS;20780.0;5
205300;;;BANANAS;SEASHELLS;4817.0;1
205300;;;BAGUETTE;SEASHELLS;12245.0;5
205400;;;BANANAS;SEASHELLS;4816.0;1
205600;;;PEARLS;SEASHELLS;9998.0;1
205700;;;PEARLS;SEASHELLS;10005.0;1
205700;;;BANANAS;SEASHELLS;4822.0;1
205700;;;BAGUETTE;SEASHELLS;12239.0;5
205800;;;PEARLS;SEASHELLS;10002.0;1
205900;;;UKULELE;SEASHELLS;20778.0;5
206000;;;UKULELE;SEASHELLS;20781.0;1
206100;;;DIP;SEASHELLS;7056.0;4
206100;;;DIVING_GEAR;SEASHELLS;99813.0;2
206100;;;BANANAS;SEASHELLS;4821.0;1
206500;;;BANANAS;SEASHELLS;4822.0;1
206500;;;PEARLS;SEASHELLS;10004.0;1
206600;;;PINA_COLADAS;SEASHELLS;14918.0;24
206600;;;PEARLS;SEASHELLS;9998.0;1
206700;;;PEARLS;SEASHELLS;9998.0;3
206800;;;PINA_COLADAS;SEASHELLS;14919.0;12
206800;;;BANANAS;SEASHELLS;4820.0;1
206800;;;BAGUETTE;SEASHELLS;12243.0;8
206900;;;PEARLS;SEASHELLS;9998.0;1
207000;;;PINA_COLADAS;SEASHELLS;14918.0;4
207100;;;BANANAS;SEASHELLS;4815.0;2
207100;;;BANANAS;SEASHELLS;4820.0;1
207100;;;PEARLS;SEASHELLS;9996.0;2
207200;;;BAGUETTE;SEASHELLS;12246.0;10
207300;;;PEARLS;SEASHELLS;10002.0;1
207400;;;UKULELE;SEASHELLS;20802.0;9
207600;;;BERRIES;SEASHELLS;3866.0;1
207600;;;UKULELE;SEASHELLS;20798.0;3
207700;;;PEARLS;SEASHELLS;9996.0;1
207700;;;BANANAS;SEASHELLS;4816.0;1
207800;;;PEARLS;SEASHELLS;9998.0;1
207800;;;BAGUETTE;SEASHELLS;12244.0;4
208100;;;BANANAS;SEASHELLS;4822.0;2
208100;;;BANANAS;SEASHELLS;4816.0;2
208300;;;BERRIES;SEASHELLS;3874.0;12
208500;;;DIP;SEASHELLS;7066.0;6
208600;;;BANANAS;SEASHELLS;4819.0;2
208600;;;PEARLS;SEASHELLS;10002.0;2
208800;;;BAGUETTE;SEASHELLS;12249.0;7
209000;;;BERRIES;SEASHELLS;3868.0;14
209200;;;PICNIC_BASKET;SEASHELLS;74005.0;2
209300;;;PEARLS;SEASHELLS;9996.0;1
209500;;;PEARLS;SEASHELLS;9998.0;1
209500;;;UKULELE;SEASHELLS;20794.0;3
209500;;;DIP;SEASHELLS;7061.0;7
209500;;;BERRIES;SEASHELLS;3874.0;12
209500;;;BANANAS;SEASHELLS;4814.0;1
209700;;;DIP;SEASHELLS;7063.0;5
209700;;;BAGUETTE;SEASHELLS;12244.0;5
209800;;;UKULELE;SEASHELLS;20795.0;2
209900;;;BAGUETTE;SEASHELLS;12246.0;5
210000;;;PICNIC_BASKET;SEASHELLS;73969.0;1
210100;;;BANANAS;SEASHELLS;4820.0;10
210100;;;PEARLS;SEASHELLS;9998.0;1
210100;;;BAGUETTE;SEASHELLS;12245.0;5
210300;;;PEARLS;SEASHELLS;10002.0;8
210300;;;PEARLS;SEASHELLS;10002.0;3
210300;;;BANANAS;SEASHELLS;4818.0;8
210300;;;BANANAS;SEASHELLS;4818.0;3
210400;;;BERRIES;SEASHELLS;3874.0;5
210500;;;DIVING_GEAR;SEASHELLS;99935.0;3
210600;;;PEARLS;SEASHELLS;10002.0;7
210700;;;BANANAS;SEASHELLS;4821.0;1
210700;;;PEARLS;SEASHELLS;10000.0;1
210800;;;DIVING_GEAR;SEASHELLS;99936.0;1
210900;;;BANANAS;SEASHELLS;4819.0;1
211100;;;BANANAS;SEASHELLS;4821.0;3
211100;;;DIP;SEASHELLS;7066.0;6
211100;;;BANANAS;SEASHELLS;4814.0;1
211100;;;PINA_COLADAS;SEASHELLS;14908.0;2
211200;;;BANANAS;SEASHELLS;4815.0;2
211200;;;PEARLS;SEASHELLS;9998.0;2
211300;;;COCONUTS;SEASHELLS;7927.0;10
211300;;;UKULELE;SEASHELLS;20796.0;5
211500;;;BANANAS;SEASHELLS;4819.0;1
211500;;;PEARLS;SEASHELLS;9998.0;1
211700;;;DIVING_GEAR;SEASHELLS;99915.0;3
211700;;;BANANAS;SEASHELLS;4813.0;1
211800;;;DIP;SEASHELLS;7065.0;5
211800;;;BANANAS;SEASHELLS;4818.0;1
211800;;;PICNIC_BASKET;SEASHELLS;73984.0;6
211900;;;BANANAS;SEASHELLS;4813.0;18
211900;;;BERRIES;SEASHELLS;3875.0;11
212000;;;PEARLS;SEASHELLS;9998.0;1
212200;;;BERRIES;SEASHELLS;3870.0;1
212300;;;PEARLS;SEASHELLS;9998.0;1
212300;;;BANANAS;SEASHELLS;4814.0;1
212400;;;PICNIC_BASKET;SEASHELLS;73989.0;2
212500;;;BANANAS;SEASHELLS;4819.0;1
212700;;;PICNIC_BASKET;SEASHELLS;74004.0;1
212700;;;PICNIC_BASKET;SEASHELLS;74003.0;2
212800;;;COCONUTS;SEASHELLS;7923.0;73
212800;;;DIVING_GEAR;SEASHELLS;99922.0;2
212800;;;UKULELE;SEASHELLS;20772.0;10
212900;;;BANANAS;SEASHELLS;4813.0;1
213100;;;PEARLS;SEASHELLS;9996.0;1
213100;;;BANANAS;SEASHELLS;4813.0;1
213200;;;COCONUTS;SEASHELLS;7924.0;21
213200;;;BANANAS;SEASHELLS;4817.0;1
213200;;;BANANAS;SEASHELLS;4817.0;1
213300;;;UKULELE;SEASHELLS;20769.0;1
213400;;;DIP;SEASHELLS;7067.0;5
213400;;;PEARLS;SEASHELLS;9998.0;1
213400;;;PICNIC_BASKET;SEASHELLS;74033.0;5
213500;;;PEARLS;SEASHELLS;10002.0;2
213600;;;BAGUETTE;SEASHELLS;12236.0;6
213600;;;BANANAS;SEASHELLS;4813.0;1
213700;;;BAGUETTE;SEASHELLS;12240.0;4
213800;;;PINA_COLADAS;SEASHELLS;14909.0;7
213900;;;BANANAS;SEASHELLS;4819.0;1
213900;;;COCONUTS;SEASHELLS;7927.0;13
213900;;;PEARLS;SEASHELLS;9998.0;1
214100;;;BANANAS;SEASHELLS;4818.0;1
214300;;;UKULELE;SEASHELLS;20776.0;5
214400;;;COCONUTS;SEASHELLS;7923.0;30
214800;;;DIP;SEASHELLS;7064.0;7
214800;;;BAGUETTE;SEASHELLS;12225.0;3
215100;;;UKULELE;SEASHELLS;20776.0;5
215100;;;DIP;SEASHELLS;7065.0;5
215300;;;BERRIES;SEASHELLS;3874.0;1
215300;;;PICNIC_BASKET;SEASHELLS;73931.0;2
215300;;;DIP;SEASHELLS;7066.0;8
215400;;;PINA_COLADAS;SEASHELLS;14913.0;2
215500;;;DIVING_GEAR;SEASHELLS;99946.0;3
215700;;;PICNIC_BASKET;SEASHELLS;73968.0;1
216100;;;PINA_COLADAS;SEASHELLS;14910.0;6
216300;;;PEARLS;SEASHELLS;10002.0;3
216500;;;COCONUTS;SEASHELLS;7922.0;72
216600;;;BANANAS;SEASHELLS;4812.0;1
216700;;;DIP;SEASHELLS;7071.0;10
216700;;;DIVING_GEAR;SEASHELLS;99958.0;2
217300;;;DIVING_GEAR;SEASHELLS;99978.0;3
217400;;;BANANAS;SEASHELLS;4812.0;1
217500;;;UKULELE;SEASHELLS;20763.0;1
217500;;;PEARLS;SEASHELLS;10004.0;2
217500;;;PEARLS;SEASHELLS;10004.0;1
217600;;;PEARLS;SEASHELLS;10004.0;1
217600;;;BANANAS;SEASHELLS;4814.0;1
217700;;;BANANAS;SEASHELLS;4812.0;1
217800;;;UKULELE;SEASHELLS;20769.0;3
217900;;;UKULELE;SEASHELLS;20769.0;2
217900;;;DIVING_GEAR;SEASHELLS;99971.0;1
217900;;;PICNIC_BASKET;SEASHELLS;74017.0;1
218000;;;UKULELE;SEASHELLS;20772.0;4
218100;;;BANANAS;SEASHELLS;4813.0;1
218300;;;BAGUETTE;SEASHELLS;12218.0;5
218600;;;PEARLS;SEASHELLS;9998.0;3
218600;;;COCONUTS;SEASHELLS;7920.0;66
218700;;;DIVING_GEAR;SEASHELLS;99977.0;2
218900;;;BANANAS;SEASHELLS;4814.0;2
218900;;;UKULELE;SEASHELLS;20775.0;3
218900;;;DIP;SEASHELLS;7086.0;8
219000;;;PEARLS;SEASHELLS;10005.0;1
219000;;;BANANAS;SEASHELLS;4814.0;1
219000;;;PEARLS;SEASHELLS;10002.0;9
219100;;;DIP;SEASHELLS;7088.0;4
219200;;;PICNIC_BASKET;SEASHELLS;74052.0;2
219400;;;BANANAS;SEASHELLS;4815.0;1
219500;;;BANANAS;SEASHELLS;4811.0;2
219500;;;UKULELE;SEASHELLS;20763.0;3
220100;;;PEARLS;SEASHELLS;10002.0;1
220200;;;DIP;SEASHELLS;7100.0;5
220300;;;BAGUETTE;SEASHELLS;12205.0;6
220400;;;BANANAS;SEASHELLS;4816.0;12
220500;;;PEARLS;SEASHELLS;10004.0;2
220500;;;PEARLS;SEASHELLS;10004.0;8
220500;;;BANANAS;SEASHELLS;4816.0;2
220500;;;DIVING_GEAR;SEASHELLS;99966.0;1
220600;;;BERRIES;SEASHELLS;3878.0;2
220800;;;BANANAS;SEASHELLS;4809.0;12
220900;;;BAGUETTE;SEASHELLS;12201.0;6
220900;;;BANANAS;SEASHELLS;4814.0;1
221000;;;PICNIC_BASKET;SEASHELLS;74081.0;2
221200;;;PEARLS;SEASHELLS;9995.0;6
221200;;;BAGUETTE;SEASHELLS;12196.0;8
221300;;;PEARLS;SEASHELLS;10004.0;1
221300;;;BANANAS;SEASHELLS;4817.0;1
221300;;;UKULELE;SEASHELLS;20767.0;4
221400;;;PEARLS;SEASHELLS;10002.0;1
221600;;;BAGUETTE;SEASHELLS;12196.0;6
221600;;;UKULELE;SEASHELLS;20769.0;5
221800;;;BANANAS;SEASHELLS;4814.0;1
221800;;;PEARLS;SEASHELLS;10002.0;1
221900;;;BANANAS;SEASHELLS;4809.0;1
222400;;;BAGUETTE;SEASHELLS;12194.0;8
222400;;;BANANAS;SEASHELLS;4808.0;1
222500;;;PEARLS;SEASHELLS;10002.0;1
222500;;;PEARLS;SEASHELLS;10002.0;2
222500;;;BANANAS;SEASHELLS;4808.0;2
222700;;;BANANAS;SEASHELLS;4809.0;1
222800;;;PICNIC_BASKET;SEASHELLS;74101.0;2
222800;;;PICNIC_BASKET;SEASHELLS;74101.0;2
222900;;;PEARLS;SEASHELLS;10002.0;1
222900;;;BERRIES;SEASHELLS;3879.0;7
223000;;;BANANAS;SEASHELLS;4810.0;3
223000;;;BANANAS;SEASHELLS;4810.0;8
223100;;;DIP;SEASHELLS;7104.0;5
223100;;;BANANAS;SEASHELLS;4810.0;1
223300;;;BAGUETTE;SEASHELLS;12194.0;5
223300;;;BANANAS;SEASHELLS;4810.0;1
223400;;;DIP;SEASHELLS;7106.0;7
223400;;;PEARLS;SEASHELLS;10002.0;2
223400;;;BANANAS;SEASHELLS;4814.0;2
223500;;;PINA_COLADAS;SEASHELLS;14872.0;13
223600;;;PICNIC_BASKET;SEASHELLS;74126.0;5
223600;;;UKULELE;SEASHELLS;20779.0;5
223700;;;BANANAS;SEASHELLS;4809.0;1
223700;;;PICNIC_BASKET;SEASHELLS;74125.0;1
223700;;;PEARLS;SEASHELLS;10004.0;5
223700;;;PICNIC_BASKET;SEASHELLS;74125.0;5
223700;;;PEARLS;SEASHELLS;10004.0;1
223700;;;BANANAS;SEASHELLS;4810.0;1
223700;;;PEARLS;SEASHELLS;10005.0;2
223900;;;DIP;SEASHELLS;7109.0;10
224100;;;PEARLS;SEASHELLS;10002.0;1
224200;;;PEARLS;SEASHELLS;10002.0;1
224500;;;BANANAS;SEASHELLS;4814.0;1
224600;;;PEARLS;SEASHELLS;10002.0;4
224700;;;BAGUETTE;SEASHELLS;12185.0;4
224900;;;DIVING_GEAR;SEASHELLS;100036.0;2
225000;;;BANANAS;SEASHELLS;4812.0;1
225000;;;UKULELE;SEASHELLS;20778.0;10
225000;;;BANANAS;SEASHELLS;4812.0;1
225200;;;DIP;SEASHELLS;7103.0;3
225200;;;PEARLS;SEASHELLS;10002.0;1
225300;;;PEARLS;SEASHELLS;9998.0;3
225400;;;PEARLS;SEASHELLS;9998.0;1
225400;;;BANANAS;SEASHELLS;4811.0;1
225400;;;BANANAS;SEASHELLS;4811.0;1
225600;;;COCONUTS;SEASHELLS;7924.0;21
225600;;;PEARLS;SEASHELLS;9998.0;1
225900;;;DIVING_GEAR;SEASHELLS;100036.0;3
226000;;;PINA_COLADAS;SEASHELLS;14886.0;29
226100;;;DIVING_GEAR;SEASHELLS;100026.0;1
226300;;;PICNIC_BASKET;SEASHELLS;74092.0;4
226300;;;DIP;SEASHELLS;7100.0;9
226600;;;PEARLS;SEASHELLS;10004.0;8
226600;;;BERRIES;SEASHELLS;3873.0;3
226600;;;PEARLS;SEASHELLS;10004.0;1
226600;;;BERRIES;SEASHELLS;3873.0;1
226700;;;BERRIES;SEASHELLS;3870.0;10
226800;;;BANANAS;SEASHELLS;4810.0;1
226800;;;PEARLS;SEASHELLS;9998.0;1
226900;;;UKULELE;SEASHELLS;20785.0;2
227100;;;BERRIES;SEASHELLS;3877.0;1
227300;;;BANANAS;SEASHELLS;4809.0;1
227500;;;PEARLS;SEASHELLS;10002.0;1
227600;;;BANANAS;SEASHELLS;4813.0;13
227600;;;PEARLS;SEASHELLS;10002.0;1
227600;;;PEARLS;SEASHELLS;10002.0;4
227800;;;PEARLS;SEASHELLS;9996.0;2
227800;;;PEARLS;SEASHELLS;9996.0;1
227900;;;PEARLS;SEASHELLS;10002.0;1
228000;;;BERRIES;SEASHELLS;3873.0;3
228000;;;BANANAS;SEASHELLS;4809.0;3
228200;;;BANANAS;SEASHELLS;4814.0;1
228300;;;BERRIES;SEASHELLS;3878.0;4
228300;;;DIP;SEASHELLS;7102.0;5
228400;;;UKULELE;SEASHELLS;20792.0;4
228600;;;PICNIC_BASKET;SEASHELLS;73997.0;1
228700;;;BANANAS;SEASHELLS;4814.0;3
228800;;;BANANAS;SEASHELLS;4811.0;1
228900;;;PEARLS;SEASHELLS;9995.0;2
229000;;;UKULELE;SEASHELLS;20774.0;5
229100;;;BANANAS;SEASHELLS;4811.0;3
229200;;;PEARLS;SEASHELLS;10002.0;1
229500;;;UKULELE;SEASHELLS;20774.0;1
229700;;;PEARLS;SEASHELLS;9996.0;1
229700;;;BANANAS;SEASHELLS;4808.0;1
229900;;;PEARLS;SEASHELLS;9998.0;1
230000;;;BANANAS;SEASHELLS;4808.0;1
230200;;;PEARLS;SEASHELLS;9996.0;1
230200;;;BANANAS;SEASHELLS;4807.0;1
230300;;;UKULELE;SEASHELLS;20780.0;5
230300;;;PEARLS;SEASHELLS;10002.0;1
230400;;;PEARLS;SEASHELLS;9998.0;1
230600;;;BANANAS;SEASHELLS;4812.0;1
230700;;;PICNIC_BASKET;SEASHELLS;74019.0;1
230700;;;BAGUETTE;SEASHELLS;12188.0;3
230800;;;BANANAS;SEASHELLS;4808.0;1
231100;;;UKULELE;SEASHELLS;20789.0;4
231200;;;BANANAS;SEASHELLS;4813.0;1
231200;;;DIP;SEASHELLS;7106.0;9
231200;;;PEARLS;SEASHELLS;10005.0;1
231500;;;BANANAS;SEASHELLS;4806.0;12
231800;;;UKULELE;SEASHELLS;20788.0;4
232100;;;BAGUETTE;SEASHELLS;12198.0;8
232100;;;UKULELE;SEASHELLS;20785.0;3
232200;;;BAGUETTE;SEASHELLS;12197.0;4
232300;;;DIP;SEASHELLS;7109.0;4
232400;;;DIVING_GEAR;SEASHELLS;100069.0;1
232500;;;DIP;SEASHELLS;7108.0;4
232500;;;BERRIES;SEASHELLS;3875.0;13
232500;;;PICNIC_BASKET;SEASHELLS;74036.0;6
232700;;;BANANAS;SEASHELLS;4805.0;1
232700;;;PEARLS;SEASHELLS;10004.0;1
232700;;;DIP;SEASHELLS;7106.0;5
232900;;;PICNIC_BASKET;SEASHELLS;74077.0;10
232900;;;COCONUTS;SEASHELLS;7914.0;9
233000;;;DIVING_GEAR;SEASHELLS;100069.0;1
233000;;;BANANAS;SEASHELLS;4812.0;1
233000;;;BANANAS;SEASHELLS;4813.0;18
233100;;;BAGUETTE;SEASHELLS;12195.0;4
233100;;;BANANAS;SEASHELLS;4813.0;11
233500;;;BANANAS;SEASHELLS;4811.0;1
233500;;;BERRIES;SEASHELLS;3865.0;10
233500;;;BAGUETTE;SEASHELLS;12206.0;7
233600;;;DIVING_GEAR;SEASHELLS;100058.0;3
233700;;;PEARLS;SEASHELLS;9998.0;1
233700;;;BAGUETTE;SEASHELLS;12207.0;8
233900;;;COCONUTS;SEASHELLS;7913.0;8
234000;;;DIVING_GEAR;SEASHELLS;100020.0;2
234000;;;BANANAS;SEASHELLS;4810.0;10
234100;;;BANANAS;SEASHELLS;4810.0;2
234100;;;PEARLS;SEASHELLS;10005.0;2
234300;;;PEARLS;SEASHELLS;10004.0;1
234300;;;BANANAS;SEASHELLS;4809.0;1
234400;;;PEARLS;SEASHELLS;9998.0;1
234600;;;PICNIC_BASKET;SEASHELLS;74060.0;8
234600;;;BANANAS;SEASHELLS;4803.0;1
234600;;;UKULELE;SEASHELLS;20793.0;2
234800;;;DIP;SEASHELLS;7106.0;3
234800;;;COCONUTS;SEASHELLS;7916.0;8
234900;;;DIP;SEASHELLS;7108.0;4
235000;;;PEARLS;SEASHELLS;10005.0;2
235000;;;BANANAS;SEASHELLS;4802.0;9
235000;;;BANANAS;SEASHELLS;4809.0;2
235300;;;PEARLS;SEASHELLS;9998.0;1
235400;;;BAGUETTE;SEASHELLS;12199.0;6
235400;;;BANANAS;SEASHELLS;4809.0;1
235400;;;PEARLS;SEASHELLS;10004.0;1
235600;;;DIP;SEASHELLS;7110.0;4
235700;;;PEARLS;SEASHELLS;9998.0;4
235700;;;BAGUETTE;SEASHELLS;12209.0;6
235700;;;BANANAS;SEASHELLS;4804.0;8
235800;;;BANANAS;SEASHELLS;4807.0;1
235900;;;DIVING_GEAR;SEASHELLS;99970.0;1
235900;;;PEARLS;SEASHELLS;10002.0;1
236000;;;BAGUETTE;SEASHELLS;12211.0;6
236000;;;PEARLS;SEASHELLS;10002.0;1
236100;;;BANANAS;SEASHELLS;4803.0;1
236100;;;PEARLS;SEASHELLS;10002.0;1
236200;;;BERRIES;SEASHELLS;3865.0;10
236300;;;BANANAS;SEASHELLS;4803.0;1
236500;;;BAGUETTE;SEASHELLS;12211.0;8
236600;;;DIP;SEASHELLS;7110.0;8
236700;;;PEARLS;SEASHELLS;10004.0;2
237200;;;UKULELE;SEASHELLS;20795.0;4
237300;;;UKULELE;SEASHELLS;20794.0;4
237400;;;BANANAS;SEASHELLS;4804.0;5
237500;;;PEARLS;SEASHELLS;10005.0;1
237500;;;BANANAS;SEASHELLS;4810.0;1
237600;;;COCONUTS;SEASHELLS;7918.0;6
237900;;;UKULELE;SEASHELLS;20795.0;2
237900;;;BANANAS;SEASHELLS;4805.0;4
238000;;;PINA_COLADAS;SEASHELLS;14898.0;27
238000;;;UKULELE;SEASHELLS;20792.0;1
238200;;;BERRIES;SEASHELLS;3862.0;11
238300;;;PEARLS;SEASHELLS;10000.0;2
238300;;;BANANAS;SEASHELLS;4806.0;2
238300;;;DIP;SEASHELLS;7106.0;3
238400;;;UKULELE;SEASHELLS;20792.0;1
238500;;;PEARLS;SEASHELLS;10002.0;1
238600;;;UKULELE;SEASHELLS;20791.0;3
238600;;;PEARLS;SEASHELLS;9998.0;2
238700;;;DIP;SEASHELLS;7108.0;4
238800;;;BAGUETTE;SEASHELLS;12210.0;7
238900;;;BANANAS;SEASHELLS;4804.0;1
238900;;;PEARLS;SEASHELLS;9998.0;1
239600;;;PEARLS;SEASHELLS;10002.0;1
239800;;;BAGUETTE;SEASHELLS;12213.0;7
239900;;;DIVING_GEAR;SEASHELLS;99987.0;3
240000;;;BAGUETTE;SEASHELLS;12209.0;4
240100;;;BERRIES;SEASHELLS;3869.0;4
240100;;;COCONUTS;SEASHELLS;7919.0;10
240200;;;UKULELE;SEASHELLS;20784.0;5
240300;;;BANANAS;SEASHELLS;4804.0;1
240300;;;BAGUETTE;SEASHELLS;12208.0;6
240600;;;PICNIC_BASKET;SEASHELLS;74111.0;2
240700;;;UKULELE;SEASHELLS;20794.0;5
241000;;;DIP;SEASHELLS;7108.0;10
241100;;;UKULELE;SEASHELLS;20798.0;5
241300;;;BANANAS;SEASHELLS;4811.0;1
241300;;;PEARLS;SEASHELLS;10004.0;1
241400;;;COCONUTS;SEASHELLS;7920.0;51
241600;;;BAGUETTE;SEASHELLS;12199.0;3
241700;;;BANANAS;SEASHELLS;4811.0;12
241700;;;BERRIES;SEASHELLS;3863.0;14
241800;;;DIVING_GEAR;SEASHELLS;99969.0;2
241800;;;BAGUETTE;SEASHELLS;12195.0;3
241900;;;DIP;SEASHELLS;7106.0;4
241900;;;BANANAS;SEASHELLS;4805.0;1
242000;;;UKULELE;SEASHELLS;20793.0;5
242100;;;BANANAS;SEASHELLS;4811.0;18
242100;;;COCONUTS;SEASHELLS;7921.0;12
242300;;;COCONUTS;SEASHELLS;7919.0;7
242500;;;DIP;SEASHELLS;7113.0;10
242600;;;UKULELE;SEASHELLS;20787.0;2
242600;;;COCONUTS;SEASHELLS;7918.0;61
242600;;;COCONUTS;SEASHELLS;7918.0;13
242700;;;DIP;SEASHELLS;7116.0;5
242700;;;BERRIES;SEASHELLS;3863.0;15
242800;;;PINA_COLADAS;SEASHELLS;14909.0;2
242900;;;BERRIES;SEASHELLS;3869.0;10
243000;;;BANANAS;SEASHELLS;4813.0;8
243000;;;BANANAS;SEASHELLS;4807.0;4
243000;;;DIP;SEASHELLS;7117.0;5
243000;;;BANANAS;SEASHELLS;4813.0;2
243000;;;PEARLS;SEASHELLS;10004.0;1
243000;;;BANANAS;SEASHELLS;4807.0;1
243100;;;DIP;SEASHELLS;7117.0;4
243100;;;BAGUETTE;SEASHELLS;12195.0;8
243200;;;PICNIC_BASKET;SEASHELLS;74148.0;2
243200;;;PINA_COLADAS;SEASHELLS;14911.0;21
243200;;;BANANAS;SEASHELLS;4808.0;1
243300;;;BANANAS;SEASHELLS;4813.0;4
243500;;;DIP;SEASHELLS;7117.0;5
243800;;;BAGUETTE;SEASHELLS;12190.0;8
243900;;;BANANAS;SEASHELLS;4804.0;2
243900;;;PEARLS;SEASHELLS;9995.0;2
244000;;;DIP;SEASHELLS;7118.0;10
244200;;;COCONUTS;SEASHELLS;7927.0;5
244300;;;PEARLS;SEASHELLS;9998.0;3
244400;;;BAGUETTE;SEASHELLS;12189.0;8
244400;;;PEARLS;SEASHELLS;10002.0;3
244500;;;BANANAS;SEASHELLS;4811.0;1
244700;;;BAGUETTE;SEASHELLS;12194.0;7
244900;;;BANANAS;SEASHELLS;4807.0;1
244900;;;PEARLS;SEASHELLS;10004.0;1
245000;;;PEARLS;SEASHELLS;9998.0;1
245100;;;BANANAS;SEASHELLS;4806.0;2
245100;;;BANANAS;SEASHELLS;4806.0;12
245200;;;PICNIC_BASKET;SEASHELLS;74127.0;4
245300;;;PEARLS;SEASHELLS;9996.0;1
245300;;;DIP;SEASHELLS;7109.0;10
245300;;;PEARLS;SEASHELLS;9996.0;1
245300;;;BANANAS;SEASHELLS;4806.0;2
245500;;;PEARLS;SEASHELLS;10002.0;1
245500;;;BANANAS;SEASHELLS;4807.0;10
245600;;;PEARLS;SEASHELLS;10002.0;1
245700;;;DIP;SEASHELLS;7103.0;9
245900;;;BERRIES;SEASHELLS;3862.0;12
246000;;;PEARLS;SEASHELLS;9996.0;3
246000;;;PEARLS;SEASHELLS;9996.0;2
246100;;;UKULELE;SEASHELLS;20755.0;8
246100;;;PEARLS;SEASHELLS;10005.0;2
246100;;;BANANAS;SEASHELLS;4814.0;2
246100;;;PINA_COLADAS;SEASHELLS;14899.0;7
246600;;;UKULELE;SEASHELLS;20752.0;5
246600;;;PEARLS;SEASHELLS;10002.0;4
246600;;;BANANAS;SEASHELLS;4816.0;17
247100;;;PICNIC_BASKET;SEASHELLS;74060.0;5
247100;;;PICNIC_BASKET;SEASHELLS;74061.0;1
247200;;;COCONUTS;SEASHELLS;7923.0;71
247200;;;BAGUETTE;SEASHELLS;12179.0;5
247400;;;DIP;SEASHELLS;7102.0;7
247400;;;BERRIES;SEASHELLS;3867.0;7
247600;;;BANANAS;SEASHELLS;4814.0;1
247900;;;BERRIES;SEASHELLS;3867.0;6
248000;;;PINA_COLADAS;SEASHELLS;14904.0;5
248400;;;PEARLS;SEASHELLS;9998.0;1
248400;;;DIVING_GEAR;SEASHELLS;100038.0;1
248400;;;BERRIES;SEASHELLS;3869.0;14
248700;;;BAGUETTE;SEASHELLS;12182.0;10
248800;;;BANANAS;SEASHELLS;4809.0;2
248800;;;PEARLS;SEASHELLS;9995.0;2
249000;;;PICNIC_BASKET;SEASHELLS;74092.0;2
249200;;;BANANAS;SEASHELLS;4810.0;2
249200;;;COCONUTS;SEASHELLS;7924.0;5
249200;;;PEARLS;SEASHELLS;10002.0;1
249300;;;BANANAS;SEASHELLS;4809.0;1
249500;;;BANANAS;SEASHELLS;4809.0;1
249600;;;DIVING_GEAR;SEASHELLS;100075.0;2
249600;;;PEARLS;SEASHELLS;10002.0;2
249600;;;BANANAS;SEASHELLS;4814.0;2
249700;;;PEARLS;SEASHELLS;10002.0;1
249900;;;BANANAS;SEASHELLS;4815.0;1
249900;;;DIP;SEASHELLS;7105.0;5
249900;;;PICNIC_BASKET;SEASHELLS;74129.0;10
249900;;;PEARLS;SEASHELLS;9995.0;1
250000;;;DIP;SEASHELLS;7106.0;4
250100;;;BANANAS;SEASHELLS;4810.0;1
250200;;;BAGUETTE;SEASHELLS;12190.0;7
250200;;;UKULELE;SEASHELLS;20769.0;1
250400;;;COCONUTS;SEASHELLS;7919.0;25
250400;;;BANANAS;SEASHELLS;4811.0;1
250400;;;COCONUTS;SEASHELLS;7919.0;40
250400;;;DIVING_GEAR;SEASHELLS;100101.0;1
250500;;;DIP;SEASHELLS;7109.0;9
250700;;;PINA_COLADAS;SEASHELLS;14884.0;26
250700;;;COCONUTS;SEASHELLS;7918.0;25
250900;;;BANANAS;SEASHELLS;4816.0;11
251000;;;PEARLS;SEASHELLS;10002.0;1
251200;;;BANANAS;SEASHELLS;4818.0;7
251200;;;DIP;SEASHELLS;7113.0;11
251200;;;BANANAS;SEASHELLS;4818.0;5
251300;;;BANANAS;SEASHELLS;4819.0;1
251300;;;DIP;SEASHELLS;7114.0;5
251400;;;BANANAS;SEASHELLS;4813.0;1
251600;;;DIP;SEASHELLS;7115.0;4
251600;;;BANANAS;SEASHELLS;4819.0;1
252000;;;PINA_COLADAS;SEASHELLS;14888.0;5
252300;;;BERRIES;SEASHELLS;3866.0;2
252400;;;DIP;SEASHELLS;7119.0;3
252500;;;PEARLS;SEASHELLS;9998.0;1
252600;;;DIP;SEASHELLS;7121.0;4
252600;;;PEARLS;SEASHELLS;9995.0;1
252600;;;COCONUTS;SEASHELLS;7913.0;9
252600;;;BANANAS;SEASHELLS;4813.0;1
252700;;;BAGUETTE;SEASHELLS;12204.0;4
253000;;;PEARLS;SEASHELLS;10002.0;1
253200;;;PICNIC_BASKET;SEASHELLS;74164.0;1
253300;;;BAGUETTE;SEASHELLS;12218.0;4
253300;;;DIVING_GEAR;SEASHELLS;100085.0;1
253300;;;BANANAS;SEASHELLS;4815.0;5
253300;;;BANANAS;SEASHELLS;4815.0;2
253300;;;PICNIC_BASKET;SEASHELLS;74179.0;2
253300;;;BANANAS;SEASHELLS;4815.0;8
253400;;;PEARLS;SEASHELLS;10000.0;5
253500;;;BANANAS;SEASHELLS;4815.0;1
253600;;;BAGUETTE;SEASHELLS;12214.0;9
253800;;;BAGUETTE;SEASHELLS;12210.0;7
253800;;;PEARLS;SEASHELLS;10002.0;3
253800;;;BANANAS;SEASHELLS;4816.0;4
253800;;;UKULELE;SEASHELLS;20759.0;2
254000;;;PEARLS;SEASHELLS;9998.0;2
254100;;;DIVING_GEAR;SEASHELLS;100096.0;1
254200;;;BANANAS;SEASHELLS;4820.0;1
254200;;;PEARLS;SEASHELLS;10002.0;1
254200;;;BAGUETTE;SEASHELLS;12210.0;3
254300;;;DIP;SEASHELLS;7119.0;6
254400;;;BANANAS;SEASHELLS;4816.0;3
254500;;;PEARLS;SEASHELLS;10002.0;1
254600;;;BERRIES;SEASHELLS;3867.0;5
254600;;;DIVING_GEAR;SEASHELLS;100090.0;1
254700;;;BANANAS;SEASHELLS;4821.0;2
