timestamp;buyer;seller;symbol;currency;price;quantity
100;;;BERRIES;SEASHELLS;3854.0;19
100;;;PEARLS;SEASHELLS;9998.0;1
200;;;BANANAS;SEASHELLS;4827.0;1
200;;;PEARLS;SEASHELLS;9998.0;1
300;;;BANANAS;SEASHELLS;4822.0;1
400;;;BANANAS;SEASHELLS;4823.0;5
500;;;PEARLS;SEASHELLS;10005.0;2
500;;;BANANAS;SEASHELLS;4828.0;2
500;;;BERRIES;SEASHELLS;3854.0;6
1000;;;PEARLS;SEASHELLS;10002.0;1
1000;;;PEARLS;SEASHELLS;10002.0;2
1200;;;BANANAS;SEASHELLS;4822.0;1
1300;;;PEARLS;SEASHELLS;9998.0;1
1300;;;DIVING_GEAR;SEASHELLS;99179.0;3
1300;;;DIVING_GEAR;SEASHELLS;99179.0;3
1500;;;BANANAS;SEASHELLS;4822.0;1
1600;;;PEARLS;SEASHELLS;9996.0;1
1900;;;PEARLS;SEASHELLS;9998.0;8
1900;;;PEARLS;SEASHELLS;9998.0;4
2400;;;DIVING_GEAR;SEASHELLS;99170.0;1
2500;;;DIVING_GEAR;SEASHELLS;99181.0;2
3200;;;PEARLS;SEASHELLS;10004.0;1
3200;;;BANANAS;SEASHELLS;4828.0;2
3200;;;PEARLS;SEASHELLS;10004.0;1
3400;;;PEARLS;SEASHELLS;9998.0;1
3500;;;BANANAS;SEASHELLS;4825.0;4
3600;;;PEARLS;SEASHELLS;10002.0;5
3600;;;PEARLS;SEASHELLS;10002.0;3
3900;;;PEARLS;SEASHELLS;10002.0;4
3900;;;COCONUTS;SEASHELLS;7921.0;10
4300;;;BERRIES;SEASHELLS;3847.0;4
4600;;;BANANAS;SEASHELLS;4825.0;1
4900;;;PEARLS;SEASHELLS;10004.0;2
4900;;;BANANAS;SEASHELLS;4824.0;2
5000;;;BANANAS;SEASHELLS;4820.0;3
5100;;;DIVING_GEAR;SEASHELLS;99178.0;1
5300;;;COCONUTS;SEASHELLS;7923.0;46
5800;;;BANANAS;SEASHELLS;4818.0;1
5900;;;PEARLS;SEASHELLS;9996.0;1
5900;;;BANANAS;SEASHELLS;4817.0;1
6300;;;BANANAS;SEASHELLS;4818.0;5
6300;;;BANANAS;SEASHELLS;4817.0;2
6500;;;BERRIES;SEASHELLS;3847.0;13
6900;;;DIVING_GEAR;SEASHELLS;99185.0;2
6900;;;DIVING_GEAR;SEASHELLS;99188.0;1
7100;;;COCONUTS;SEASHELLS;7914.0;40
7400;;;BANANAS;SEASHELLS;4815.0;1
7800;;;BANANAS;SEASHELLS;4819.0;1
7800;;;PEARLS;SEASHELLS;10002.0;2
7900;;;PEARLS;SEASHELLS;10004.0;1
7900;;;PEARLS;SEASHELLS;10004.0;8
8000;;;PINA_COLADAS;SEASHELLS;14829.0;2
8100;;;BERRIES;SEASHELLS;3845.0;11
8200;;;DIVING_GEAR;SEASHELLS;99143.0;1
8500;;;BANANAS;SEASHELLS;4819.0;2
8500;;;BANANAS;SEASHELLS;4819.0;13
8600;;;PEARLS;SEASHELLS;10004.0;6
8600;;;DIVING_GEAR;SEASHELLS;99143.0;1
8600;;;PEARLS;SEASHELLS;10004.0;1
8700;;;DIVING_GEAR;SEASHELLS;99155.0;3
8800;;;DIVING_GEAR;SEASHELLS;99150.0;1
9100;;;BANANAS;SEASHELLS;4814.0;7
9100;;;BANANAS;SEASHELLS;4814.0;3
9300;;;COCONUTS;SEASHELLS;7914.0;10
9400;;;BANANAS;SEASHELLS;4814.0;1
9600;;;PEARLS;SEASHELLS;9998.0;2
9600;;;BANANAS;SEASHELLS;4819.0;1
9700;;;PEARLS;SEASHELLS;9996.0;1
9800;;;COCONUTS;SEASHELLS;7914.0;8
9900;;;BANANAS;SEASHELLS;4818.0;1
10200;;;BANANAS;SEASHELLS;4814.0;8
10300;;;DIVING_GEAR;SEASHELLS;99120.0;2
10400;;;COCONUTS;SEASHELLS;7916.0;10
10500;;;PEARLS;SEASHELLS;9995.0;2
10500;;;PEARLS;SEASHELLS;10002.0;1
10500;;;BANANAS;SEASHELLS;4813.0;2
10600;;;COCONUTS;SEASHELLS;7921.0;10
10600;;;BANANAS;SEASHELLS;4817.0;1
10900;;;BERRIES;SEASHELLS;3851.0;9
11300;;;PEARLS;SEASHELLS;9998.0;1
11300;;;DIVING_GEAR;SEASHELLS;99113.0;1
11700;;;PEARLS;SEASHELLS;10002.0;1
12100;;;PEARLS;SEASHELLS;9998.0;1
12100;;;BANANAS;SEASHELLS;4817.0;1
12200;;;BANANAS;SEASHELLS;4810.0;1
12500;;;PINA_COLADAS;SEASHELLS;14852.0;21
13000;;;PEARLS;SEASHELLS;9998.0;1
13100;;;PEARLS;SEASHELLS;10002.0;3
13400;;;COCONUTS;SEASHELLS;7930.0;10
13600;;;PEARLS;SEASHELLS;10002.0;1
13900;;;BANANAS;SEASHELLS;4810.0;1
14400;;;BERRIES;SEASHELLS;3848.0;10
14700;;;BANANAS;SEASHELLS;4817.0;10
14700;;;BANANAS;SEASHELLS;4815.0;1
15000;;;PEARLS;SEASHELLS;9998.0;3
15000;;;BANANAS;SEASHELLS;4815.0;1
15200;;;PINA_COLADAS;SEASHELLS;14859.0;8
15500;;;PEARLS;SEASHELLS;10002.0;1
15500;;;BANANAS;SEASHELLS;4811.0;1
15600;;;BERRIES;SEASHELLS;3846.0;17
15600;;;PEARLS;SEASHELLS;10002.0;1
15700;;;BERRIES;SEASHELLS;3840.0;10
16100;;;BANANAS;SEASHELLS;4811.0;1
16100;;;PEARLS;SEASHELLS;9996.0;1
16600;;;BANANAS;SEASHELLS;4818.0;2
16700;;;BANANAS;SEASHELLS;4818.0;2
16700;;;PEARLS;SEASHELLS;10004.0;2
16900;;;PINA_COLADAS;SEASHELLS;14864.0;21
16900;;;PINA_COLADAS;SEASHELLS;14864.0;11
16900;;;PEARLS;SEASHELLS;10002.0;1
17000;;;PEARLS;SEASHELLS;10002.0;5
17000;;;PEARLS;SEASHELLS;9998.0;3
17200;;;PEARLS;SEASHELLS;10002.0;1
17300;;;DIVING_GEAR;SEASHELLS;99170.0;1
17400;;;BERRIES;SEASHELLS;3841.0;11
17800;;;PEARLS;SEASHELLS;10002.0;1
17900;;;BANANAS;SEASHELLS;4816.0;1
18000;;;BANANAS;SEASHELLS;4816.0;1
18000;;;BANANAS;SEASHELLS;4816.0;0
18000;;;PEARLS;SEASHELLS;9998.0;2
18000;;;BANANAS;SEASHELLS;4816.0;9
18000;;;BANANAS;SEASHELLS;4816.0;1
18600;;;BANANAS;SEASHELLS;4811.0;1
18700;;;BANANAS;SEASHELLS;4817.0;1
18900;;;PEARLS;SEASHELLS;9996.0;1
19200;;;PEARLS;SEASHELLS;10002.0;1
19200;;;BANANAS;SEASHELLS;4817.0;1
19500;;;PEARLS;SEASHELLS;9998.0;2
19500;;;BANANAS;SEASHELLS;4813.0;2
19700;;;BANANAS;SEASHELLS;4813.0;1
19900;;;PEARLS;SEASHELLS;9996.0;7
19900;;;PEARLS;SEASHELLS;9996.0;2
20100;;;BANANAS;SEASHELLS;4818.0;2
20100;;;PEARLS;SEASHELLS;10004.0;2
20300;;;PEARLS;SEASHELLS;9998.0;1
20300;;;BANANAS;SEASHELLS;4813.0;1
20400;;;PEARLS;SEASHELLS;9995.0;5
20700;;;DIVING_GEAR;SEASHELLS;99129.0;3
20900;;;PEARLS;SEASHELLS;9998.0;1
21000;;;DIVING_GEAR;SEASHELLS;99144.0;3
21000;;;BANANAS;SEASHELLS;4815.0;4
21100;;;PEARLS;SEASHELLS;10002.0;2
21300;;;BANANAS;SEASHELLS;4819.0;1
21400;;;PEARLS;SEASHELLS;10002.0;3
21500;;;DIVING_GEAR;SEASHELLS;99114.0;2
21500;;;PEARLS;SEASHELLS;9998.0;1
21500;;;PINA_COLADAS;SEASHELLS;14860.0;5
21600;;;BANANAS;SEASHELLS;4816.0;4
21800;;;BERRIES;SEASHELLS;3850.0;9
22600;;;PEARLS;SEASHELLS;9995.0;2
23300;;;BANANAS;SEASHELLS;4816.0;1
23400;;;BANANAS;SEASHELLS;4816.0;11
23600;;;DIVING_GEAR;SEASHELLS;99075.0;1
23600;;;PEARLS;SEASHELLS;10002.0;3
23700;;;PEARLS;SEASHELLS;10004.0;1
23700;;;BANANAS;SEASHELLS;4822.0;1
24400;;;BANANAS;SEASHELLS;4816.0;1
24400;;;PEARLS;SEASHELLS;9998.0;2
24500;;;DIVING_GEAR;SEASHELLS;99066.0;1
24600;;;BANANAS;SEASHELLS;4817.0;3
24700;;;BANANAS;SEASHELLS;4820.0;1
25200;;;BANANAS;SEASHELLS;4819.0;5
25200;;;BANANAS;SEASHELLS;4819.0;5
25500;;;BERRIES;SEASHELLS;3844.0;16
25500;;;PEARLS;SEASHELLS;9998.0;1
25500;;;PEARLS;SEASHELLS;9998.0;3
25700;;;PEARLS;SEASHELLS;10004.0;1
25700;;;PEARLS;SEASHELLS;10004.0;4
25900;;;PEARLS;SEASHELLS;10002.0;1
25900;;;PEARLS;SEASHELLS;10002.0;2
26000;;;PEARLS;SEASHELLS;9998.0;1
26100;;;BANANAS;SEASHELLS;4814.0;1
26200;;;BERRIES;SEASHELLS;3844.0;15
26200;;;BANANAS;SEASHELLS;4818.0;3
26400;;;PINA_COLADAS;SEASHELLS;14869.0;2
26800;;;BANANAS;SEASHELLS;4820.0;1
27000;;;BANANAS;SEASHELLS;4816.0;4
27000;;;BANANAS;SEASHELLS;4820.0;4
27100;;;BANANAS;SEASHELLS;4821.0;1
27100;;;PEARLS;SEASHELLS;10004.0;1
27100;;;BERRIES;SEASHELLS;3850.0;10
27200;;;DIVING_GEAR;SEASHELLS;99122.0;1
27300;;;BERRIES;SEASHELLS;3842.0;1
27400;;;BERRIES;SEASHELLS;3849.0;9
27500;;;DIVING_GEAR;SEASHELLS;99114.0;2
27600;;;PEARLS;SEASHELLS;10005.0;7
27800;;;PEARLS;SEASHELLS;10002.0;1
28200;;;BANANAS;SEASHELLS;4814.0;1
28200;;;PEARLS;SEASHELLS;9998.0;1
28200;;;BANANAS;SEASHELLS;4814.0;3
28400;;;PEARLS;SEASHELLS;10002.0;4
28500;;;BERRIES;SEASHELLS;3849.0;2
28600;;;PEARLS;SEASHELLS;10002.0;1
28600;;;PEARLS;SEASHELLS;9995.0;10
28800;;;PEARLS;SEASHELLS;9995.0;2
28800;;;BANANAS;SEASHELLS;4811.0;2
29000;;;BANANAS;SEASHELLS;4817.0;7
29100;;;BANANAS;SEASHELLS;4816.0;1
29100;;;PEARLS;SEASHELLS;10002.0;1
29200;;;PINA_COLADAS;SEASHELLS;14876.0;8
29400;;;BANANAS;SEASHELLS;4816.0;1
29400;;;DIVING_GEAR;SEASHELLS;99145.0;3
29800;;;PEARLS;SEASHELLS;9996.0;1
29800;;;BANANAS;SEASHELLS;4811.0;1
29900;;;PEARLS;SEASHELLS;9998.0;1
30100;;;COCONUTS;SEASHELLS;7937.0;30
30300;;;PINA_COLADAS;SEASHELLS;14889.0;2
30700;;;DIVING_GEAR;SEASHELLS;99145.0;1
30800;;;BANANAS;SEASHELLS;4817.0;12
31200;;;BERRIES;SEASHELLS;3852.0;11
31300;;;BANANAS;SEASHELLS;4817.0;1
31700;;;BERRIES;SEASHELLS;3845.0;12
31700;;;BANANAS;SEASHELLS;4818.0;1
31800;;;BANANAS;SEASHELLS;4819.0;12
31900;;;BANANAS;SEASHELLS;4819.0;15
32000;;;BANANAS;SEASHELLS;4813.0;12
32100;;;BANANAS;SEASHELLS;4819.0;12
32300;;;PINA_COLADAS;SEASHELLS;14882.0;25
32800;;;DIVING_GEAR;SEASHELLS;99127.0;1
32800;;;BERRIES;SEASHELLS;3844.0;13
32900;;;BANANAS;SEASHELLS;4813.0;1
32900;;;DIVING_GEAR;SEASHELLS;99129.0;1
33100;;;BANANAS;SEASHELLS;4813.0;1
33200;;;BANANAS;SEASHELLS;4818.0;9
33300;;;BANANAS;SEASHELLS;4817.0;3
33600;;;PEARLS;SEASHELLS;10004.0;1
33600;;;BANANAS;SEASHELLS;4818.0;1
34000;;;DIVING_GEAR;SEASHELLS;99122.0;2
34800;;;PEARLS;SEASHELLS;10002.0;1
35000;;;BANANAS;SEASHELLS;4815.0;2
35200;;;BANANAS;SEASHELLS;4816.0;1
35200;;;PEARLS;SEASHELLS;9996.0;1
35900;;;DIVING_GEAR;SEASHELLS;99123.0;2
36000;;;BERRIES;SEASHELLS;3853.0;13
36000;;;COCONUTS;SEASHELLS;7949.0;9
36100;;;COCONUTS;SEASHELLS;7946.0;54
36200;;;BANANAS;SEASHELLS;4814.0;5
36600;;;BANANAS;SEASHELLS;4818.0;1
36600;;;BANANAS;SEASHELLS;4812.0;13
36700;;;BERRIES;SEASHELLS;3851.0;5
36800;;;BANANAS;SEASHELLS;4813.0;1
36800;;;BANANAS;SEASHELLS;4813.0;2
36800;;;PEARLS;SEASHELLS;9998.0;1
36900;;;BANANAS;SEASHELLS;4813.0;1
37100;;;BANANAS;SEASHELLS;4819.0;3
37100;;;BANANAS;SEASHELLS;4819.0;18
37600;;;PINA_COLADAS;SEASHELLS;14888.0;25
37700;;;BANANAS;SEASHELLS;4819.0;1
37800;;;PEARLS;SEASHELLS;9998.0;2
37800;;;BANANAS;SEASHELLS;4815.0;2
37900;;;DIVING_GEAR;SEASHELLS;99131.0;2
37900;;;DIVING_GEAR;SEASHELLS;99131.0;2
38100;;;BERRIES;SEASHELLS;3851.0;13
38300;;;BANANAS;SEASHELLS;4818.0;8
38500;;;BERRIES;SEASHELLS;3844.0;16
38800;;;PEARLS;SEASHELLS;10005.0;5
39500;;;BANANAS;SEASHELLS;4819.0;1
39800;;;BANANAS;SEASHELLS;4816.0;4
40000;;;DIVING_GEAR;SEASHELLS;99101.0;3
40100;;;BERRIES;SEASHELLS;3846.0;15
40600;;;BERRIES;SEASHELLS;3855.0;12
40700;;;BANANAS;SEASHELLS;4817.0;5
41100;;;PEARLS;SEASHELLS;10002.0;3
41600;;;COCONUTS;SEASHELLS;7937.0;7
42200;;;COCONUTS;SEASHELLS;7940.0;8
42600;;;BERRIES;SEASHELLS;3856.0;7
42800;;;BANANAS;SEASHELLS;4814.0;1
42900;;;BERRIES;SEASHELLS;3852.0;4
42900;;;COCONUTS;SEASHELLS;7940.0;50
42900;;;BERRIES;SEASHELLS;3852.0;3
43200;;;BERRIES;SEASHELLS;3849.0;19
43200;;;BANANAS;SEASHELLS;4818.0;1
43400;;;PEARLS;SEASHELLS;10005.0;11
43700;;;PEARLS;SEASHELLS;10002.0;5
43700;;;PEARLS;SEASHELLS;10002.0;1
44600;;;BERRIES;SEASHELLS;3848.0;11
45000;;;BANANAS;SEASHELLS;4817.0;1
45400;;;PEARLS;SEASHELLS;9998.0;6
45600;;;BANANAS;SEASHELLS;4815.0;1
45700;;;PINA_COLADAS;SEASHELLS;14895.0;22
46000;;;BANANAS;SEASHELLS;4821.0;12
46200;;;DIVING_GEAR;SEASHELLS;99085.0;3
46300;;;PEARLS;SEASHELLS;10004.0;3
46300;;;PEARLS;SEASHELLS;10004.0;1
46300;;;PINA_COLADAS;SEASHELLS;14894.0;4
46800;;;BERRIES;SEASHELLS;3847.0;11
47000;;;COCONUTS;SEASHELLS;7946.0;25
47100;;;PEARLS;SEASHELLS;10005.0;8
47100;;;BANANAS;SEASHELLS;4816.0;1
47400;;;PEARLS;SEASHELLS;9995.0;1
47400;;;BANANAS;SEASHELLS;4816.0;1
47400;;;PEARLS;SEASHELLS;9998.0;1
47500;;;BANANAS;SEASHELLS;4823.0;1
47500;;;COCONUTS;SEASHELLS;7948.0;10
47500;;;PEARLS;SEASHELLS;10004.0;1
48000;;;PEARLS;SEASHELLS;9998.0;3
48200;;;PEARLS;SEASHELLS;10002.0;3
48200;;;PEARLS;SEASHELLS;10002.0;1
48300;;;PEARLS;SEASHELLS;10002.0;1
48400;;;DIVING_GEAR;SEASHELLS;99106.0;3
48400;;;BANANAS;SEASHELLS;4816.0;1
48500;;;BERRIES;SEASHELLS;3848.0;14
48500;;;PEARLS;SEASHELLS;10005.0;10
48700;;;BERRIES;SEASHELLS;3849.0;7
48900;;;PEARLS;SEASHELLS;9998.0;1
49000;;;PEARLS;SEASHELLS;9995.0;2
49000;;;BANANAS;SEASHELLS;4817.0;2
49100;;;BANANAS;SEASHELLS;4817.0;1
49300;;;PEARLS;SEASHELLS;10004.0;1
49300;;;BANANAS;SEASHELLS;4818.0;8
49300;;;BANANAS;SEASHELLS;4817.0;1
49400;;;BANANAS;SEASHELLS;4822.0;1
49800;;;PEARLS;SEASHELLS;9998.0;1
50200;;;BANANAS;SEASHELLS;4817.0;10
50300;;;COCONUTS;SEASHELLS;7948.0;7
50400;;;BANANAS;SEASHELLS;4816.0;1
50500;;;BANANAS;SEASHELLS;4816.0;1
50500;;;PEARLS;SEASHELLS;9995.0;1
50600;;;PEARLS;SEASHELLS;10004.0;1
50600;;;PEARLS;SEASHELLS;10004.0;1
50600;;;BANANAS;SEASHELLS;4823.0;2
50600;;;BANANAS;SEASHELLS;4821.0;1
50700;;;DIVING_GEAR;SEASHELLS;99118.0;2
51000;;;BERRIES;SEASHELLS;3853.0;1
51100;;;PEARLS;SEASHELLS;9996.0;10
51100;;;PEARLS;SEASHELLS;9996.0;1
51200;;;PEARLS;SEASHELLS;9995.0;2
51200;;;BANANAS;SEASHELLS;4816.0;2
51300;;;PEARLS;SEASHELLS;10005.0;6
51500;;;PINA_COLADAS;SEASHELLS;14886.0;3
51900;;;PEARLS;SEASHELLS;9995.0;4
52500;;;PEARLS;SEASHELLS;9998.0;1
52600;;;PEARLS;SEASHELLS;9998.0;1
52700;;;PEARLS;SEASHELLS;10004.0;2
52700;;;PEARLS;SEASHELLS;10004.0;6
53000;;;PEARLS;SEASHELLS;9996.0;1
53000;;;BANANAS;SEASHELLS;4820.0;1
53200;;;PEARLS;SEASHELLS;9998.0;5
53600;;;BANANAS;SEASHELLS;4821.0;1
53600;;;PEARLS;SEASHELLS;10004.0;1
53900;;;PEARLS;SEASHELLS;10005.0;1
53900;;;DIVING_GEAR;SEASHELLS;99138.0;1
53900;;;BANANAS;SEASHELLS;4819.0;1
54000;;;BANANAS;SEASHELLS;4814.0;5
54100;;;BANANAS;SEASHELLS;4813.0;1
54300;;;BANANAS;SEASHELLS;4814.0;7
54400;;;BANANAS;SEASHELLS;4821.0;3
54400;;;COCONUTS;SEASHELLS;7940.0;5
54500;;;BERRIES;SEASHELLS;3861.0;10
54500;;;COCONUTS;SEASHELLS;7938.0;26
54700;;;BANANAS;SEASHELLS;4813.0;2
54800;;;BANANAS;SEASHELLS;4813.0;1
55000;;;BANANAS;SEASHELLS;4815.0;5
55500;;;COCONUTS;SEASHELLS;7939.0;12
55500;;;DIVING_GEAR;SEASHELLS;99088.0;3
55600;;;BANANAS;SEASHELLS;4812.0;2
55900;;;BANANAS;SEASHELLS;4812.0;1
55900;;;BANANAS;SEASHELLS;4813.0;2
56000;;;BANANAS;SEASHELLS;4813.0;1
56000;;;BANANAS;SEASHELLS;4813.0;10
56000;;;BERRIES;SEASHELLS;3854.0;15
56000;;;PEARLS;SEASHELLS;10004.0;1
56000;;;PEARLS;SEASHELLS;9998.0;5
56100;;;BANANAS;SEASHELLS;4811.0;1
56400;;;PEARLS;SEASHELLS;9998.0;1
56600;;;BANANAS;SEASHELLS;4817.0;16
56600;;;BERRIES;SEASHELLS;3860.0;10
56800;;;BANANAS;SEASHELLS;4810.0;2
56800;;;PEARLS;SEASHELLS;9996.0;2
57100;;;BERRIES;SEASHELLS;3854.0;4
57500;;;BERRIES;SEASHELLS;3856.0;4
57600;;;PEARLS;SEASHELLS;9998.0;1
57600;;;BANANAS;SEASHELLS;4809.0;1
57700;;;PEARLS;SEASHELLS;10002.0;5
57800;;;PEARLS;SEASHELLS;9998.0;1
57800;;;BANANAS;SEASHELLS;4813.0;1
57900;;;BANANAS;SEASHELLS;4808.0;1
58300;;;BANANAS;SEASHELLS;4807.0;1
58400;;;BANANAS;SEASHELLS;4813.0;1
58400;;;PEARLS;SEASHELLS;10004.0;1
58500;;;PEARLS;SEASHELLS;10004.0;2
58900;;;BANANAS;SEASHELLS;4811.0;1
58900;;;BANANAS;SEASHELLS;4810.0;2
58900;;;PEARLS;SEASHELLS;10002.0;1
58900;;;BANANAS;SEASHELLS;4810.0;2
58900;;;PEARLS;SEASHELLS;10002.0;4
59100;;;PEARLS;SEASHELLS;9998.0;2
59100;;;PEARLS;SEASHELLS;9998.0;2
59100;;;BANANAS;SEASHELLS;4807.0;2
59200;;;PEARLS;SEASHELLS;10002.0;1
59200;;;DIVING_GEAR;SEASHELLS;99054.0;3
59400;;;PEARLS;SEASHELLS;9998.0;4
59800;;;PEARLS;SEASHELLS;9995.0;5
59900;;;BANANAS;SEASHELLS;4809.0;1
60000;;;BANANAS;SEASHELLS;4808.0;1
60100;;;BANANAS;SEASHELLS;4808.0;1
60200;;;COCONUTS;SEASHELLS;7928.0;19
61000;;;COCONUTS;SEASHELLS;7931.0;6
61000;;;PEARLS;SEASHELLS;9995.0;2
61100;;;DIVING_GEAR;SEASHELLS;99046.0;2
61100;;;BANANAS;SEASHELLS;4810.0;6
61100;;;PEARLS;SEASHELLS;9998.0;1
61200;;;BANANAS;SEASHELLS;4812.0;1
61300;;;PEARLS;SEASHELLS;9998.0;1
61600;;;BERRIES;SEASHELLS;3855.0;4
62000;;;BERRIES;SEASHELLS;3855.0;10
62300;;;PEARLS;SEASHELLS;9998.0;1
62300;;;BANANAS;SEASHELLS;4805.0;1
62500;;;BANANAS;SEASHELLS;4806.0;1
62500;;;PEARLS;SEASHELLS;10002.0;1
62600;;;BANANAS;SEASHELLS;4810.0;1
62700;;;BANANAS;SEASHELLS;4810.0;1
62900;;;PINA_COLADAS;SEASHELLS;14825.0;3
63200;;;BANANAS;SEASHELLS;4810.0;1
63200;;;PEARLS;SEASHELLS;10002.0;1
63400;;;BANANAS;SEASHELLS;4812.0;1
63400;;;BERRIES;SEASHELLS;3856.0;11
63400;;;PEARLS;SEASHELLS;10004.0;1
63500;;;BANANAS;SEASHELLS;4808.0;3
63600;;;BANANAS;SEASHELLS;4807.0;5
63800;;;BANANAS;SEASHELLS;4813.0;16
63800;;;BANANAS;SEASHELLS;4811.0;1
64100;;;PEARLS;SEASHELLS;9998.0;2
64200;;;BANANAS;SEASHELLS;4806.0;1
64500;;;BERRIES;SEASHELLS;3860.0;1
64600;;;BANANAS;SEASHELLS;4807.0;1
65000;;;BANANAS;SEASHELLS;4810.0;2
65000;;;PEARLS;SEASHELLS;10002.0;2
65100;;;BERRIES;SEASHELLS;3857.0;2
65100;;;BANANAS;SEASHELLS;4806.0;1
65200;;;BANANAS;SEASHELLS;4812.0;2
65400;;;PEARLS;SEASHELLS;10002.0;1
65400;;;PEARLS;SEASHELLS;10002.0;1
65400;;;BANANAS;SEASHELLS;4806.0;1
65600;;;BERRIES;SEASHELLS;3862.0;2
65700;;;PEARLS;SEASHELLS;9998.0;4
65700;;;PEARLS;SEASHELLS;9995.0;1
65700;;;BANANAS;SEASHELLS;4807.0;1
66000;;;BANANAS;SEASHELLS;4812.0;2
66000;;;PEARLS;SEASHELLS;10004.0;2
66100;;;PEARLS;SEASHELLS;9998.0;2
66300;;;BANANAS;SEASHELLS;4807.0;1
66400;;;PEARLS;SEASHELLS;9998.0;1
66500;;;BANANAS;SEASHELLS;4807.0;1
66600;;;PEARLS;SEASHELLS;9998.0;2
66700;;;BANANAS;SEASHELLS;4807.0;1
67000;;;DIVING_GEAR;SEASHELLS;99137.0;3
67000;;;BANANAS;SEASHELLS;4812.0;1
67000;;;BANANAS;SEASHELLS;4808.0;11
67300;;;BANANAS;SEASHELLS;4808.0;1
67500;;;BERRIES;SEASHELLS;3858.0;8
67500;;;BANANAS;SEASHELLS;4814.0;10
67600;;;PEARLS;SEASHELLS;9995.0;2
67600;;;BANANAS;SEASHELLS;4807.0;2
67700;;;PEARLS;SEASHELLS;9998.0;1
67700;;;BANANAS;SEASHELLS;4810.0;1
67800;;;BANANAS;SEASHELLS;4813.0;1
68000;;;BANANAS;SEASHELLS;4815.0;2
68000;;;PEARLS;SEASHELLS;10004.0;2
68300;;;BANANAS;SEASHELLS;4811.0;1
68300;;;PEARLS;SEASHELLS;10002.0;1
68500;;;PEARLS;SEASHELLS;9998.0;5
68600;;;PEARLS;SEASHELLS;9998.0;1
68600;;;COCONUTS;SEASHELLS;7918.0;24
68600;;;BANANAS;SEASHELLS;4813.0;6
69000;;;BANANAS;SEASHELLS;4816.0;2
69000;;;PEARLS;SEASHELLS;10004.0;2
69100;;;BERRIES;SEASHELLS;3855.0;7
69200;;;PINA_COLADAS;SEASHELLS;14837.0;13
69300;;;BANANAS;SEASHELLS;4811.0;3
69400;;;BANANAS;SEASHELLS;4810.0;9
69400;;;DIVING_GEAR;SEASHELLS;99184.0;1
70500;;;PEARLS;SEASHELLS;9998.0;1
70500;;;BANANAS;SEASHELLS;4813.0;1
71000;;;BANANAS;SEASHELLS;4810.0;5
71100;;;PEARLS;SEASHELLS;10004.0;7
71100;;;PEARLS;SEASHELLS;10004.0;2
71300;;;PEARLS;SEASHELLS;10002.0;1
71400;;;PEARLS;SEASHELLS;9998.0;3
71600;;;PEARLS;SEASHELLS;9996.0;2
71800;;;BANANAS;SEASHELLS;4816.0;2
71900;;;BANANAS;SEASHELLS;4814.0;1
72000;;;BANANAS;SEASHELLS;4813.0;4
72100;;;DIVING_GEAR;SEASHELLS;99125.0;1
72200;;;BANANAS;SEASHELLS;4809.0;1
72300;;;PEARLS;SEASHELLS;9998.0;1
72500;;;PEARLS;SEASHELLS;9995.0;2
72500;;;BANANAS;SEASHELLS;4808.0;2
72800;;;BANANAS;SEASHELLS;4813.0;2
72800;;;PEARLS;SEASHELLS;10002.0;2
72900;;;BANANAS;SEASHELLS;4808.0;1
73000;;;DIVING_GEAR;SEASHELLS;99146.0;2
73100;;;BANANAS;SEASHELLS;4810.0;1
73300;;;BERRIES;SEASHELLS;3850.0;11
73300;;;COCONUTS;SEASHELLS;7922.0;25
73300;;;DIVING_GEAR;SEASHELLS;99134.0;2
73300;;;BANANAS;SEASHELLS;4810.0;5
74000;;;BANANAS;SEASHELLS;4815.0;10
74000;;;PINA_COLADAS;SEASHELLS;14840.0;12
74200;;;COCONUTS;SEASHELLS;7920.0;11
74200;;;COCONUTS;SEASHELLS;7920.0;63
74300;;;BANANAS;SEASHELLS;4815.0;1
74400;;;BANANAS;SEASHELLS;4811.0;1
74400;;;COCONUTS;SEASHELLS;7918.0;10
74600;;;PEARLS;SEASHELLS;10004.0;1
74600;;;PEARLS;SEASHELLS;10004.0;7
74700;;;PEARLS;SEASHELLS;10002.0;3
74700;;;BANANAS;SEASHELLS;4812.0;2
74800;;;BANANAS;SEASHELLS;4816.0;1
74800;;;BERRIES;SEASHELLS;3859.0;10
74800;;;PEARLS;SEASHELLS;9998.0;4
74900;;;BANANAS;SEASHELLS;4811.0;8
75200;;;BANANAS;SEASHELLS;4811.0;1
75300;;;PEARLS;SEASHELLS;10004.0;2
75400;;;PEARLS;SEASHELLS;10004.0;1
75400;;;DIVING_GEAR;SEASHELLS;99180.0;1
75500;;;PEARLS;SEASHELLS;10002.0;1
75600;;;BANANAS;SEASHELLS;4811.0;1
75900;;;BERRIES;SEASHELLS;3863.0;7
76400;;;PEARLS;SEASHELLS;9998.0;1
76400;;;BANANAS;SEASHELLS;4816.0;1
76500;;;BANANAS;SEASHELLS;4816.0;1
77000;;;PEARLS;SEASHELLS;9998.0;1
77100;;;BANANAS;SEASHELLS;4816.0;1
77600;;;DIVING_GEAR;SEASHELLS;99196.0;1
77600;;;PEARLS;SEASHELLS;9998.0;1
77700;;;BERRIES;SEASHELLS;3864.0;6
78000;;;PEARLS;SEASHELLS;10002.0;1
78100;;;BANANAS;SEASHELLS;4809.0;1
78300;;;PEARLS;SEASHELLS;10005.0;1
78300;;;BANANAS;SEASHELLS;4816.0;1
78300;;;BANANAS;SEASHELLS;4814.0;1
78400;;;BERRIES;SEASHELLS;3860.0;14
79200;;;DIVING_GEAR;SEASHELLS;99191.0;3
79400;;;COCONUTS;SEASHELLS;7921.0;7
79900;;;DIVING_GEAR;SEASHELLS;99185.0;3
80100;;;BANANAS;SEASHELLS;4815.0;1
80300;;;PINA_COLADAS;SEASHELLS;14820.0;8
80600;;;PEARLS;SEASHELLS;9998.0;3
80900;;;PEARLS;SEASHELLS;10004.0;7
80900;;;PEARLS;SEASHELLS;10004.0;1
80900;;;BANANAS;SEASHELLS;4816.0;1
81000;;;BERRIES;SEASHELLS;3865.0;2
81200;;;BANANAS;SEASHELLS;4811.0;1
81200;;;BANANAS;SEASHELLS;4811.0;1
81200;;;PEARLS;SEASHELLS;9996.0;1
81200;;;PEARLS;SEASHELLS;9996.0;1
81500;;;DIVING_GEAR;SEASHELLS;99157.0;1
81700;;;PINA_COLADAS;SEASHELLS;14819.0;7
81800;;;BANANAS;SEASHELLS;4818.0;2
81800;;;COCONUTS;SEASHELLS;7918.0;27
81800;;;PEARLS;SEASHELLS;10005.0;2
81900;;;BANANAS;SEASHELLS;4815.0;2
81900;;;PEARLS;SEASHELLS;10002.0;2
82000;;;BERRIES;SEASHELLS;3866.0;11
82200;;;PEARLS;SEASHELLS;9998.0;1
82700;;;PEARLS;SEASHELLS;9996.0;1
82700;;;PINA_COLADAS;SEASHELLS;14817.0;12
82700;;;BANANAS;SEASHELLS;4810.0;1
82800;;;PEARLS;SEASHELLS;10002.0;1
82900;;;BANANAS;SEASHELLS;4811.0;1
82900;;;PEARLS;SEASHELLS;9998.0;1
83000;;;BERRIES;SEASHELLS;3859.0;14
83500;;;BANANAS;SEASHELLS;4811.0;1
83500;;;BANANAS;SEASHELLS;4811.0;13
83800;;;BANANAS;SEASHELLS;4812.0;10
83800;;;PEARLS;SEASHELLS;10004.0;1
84000;;;BANANAS;SEASHELLS;4818.0;2
84000;;;PEARLS;SEASHELLS;10002.0;1
84000;;;PEARLS;SEASHELLS;10005.0;2
84100;;;BERRIES;SEASHELLS;3864.0;13
84200;;;PEARLS;SEASHELLS;9998.0;1
84200;;;DIVING_GEAR;SEASHELLS;99156.0;2
84300;;;BANANAS;SEASHELLS;4817.0;1
84700;;;BANANAS;SEASHELLS;4816.0;3
84700;;;PINA_COLADAS;SEASHELLS;14821.0;4
84700;;;BANANAS;SEASHELLS;4812.0;1
84700;;;BERRIES;SEASHELLS;3863.0;7
84700;;;PEARLS;SEASHELLS;10002.0;3
84800;;;BANANAS;SEASHELLS;4811.0;3
84900;;;PEARLS;SEASHELLS;9998.0;1
85400;;;BANANAS;SEASHELLS;4814.0;9
85500;;;PEARLS;SEASHELLS;10002.0;1
85700;;;DIVING_GEAR;SEASHELLS;99157.0;2
85800;;;DIVING_GEAR;SEASHELLS;99158.0;1
85800;;;PEARLS;SEASHELLS;10002.0;1
86000;;;PEARLS;SEASHELLS;10002.0;1
86100;;;PEARLS;SEASHELLS;10005.0;6
86700;;;BANANAS;SEASHELLS;4816.0;1
86700;;;PEARLS;SEASHELLS;10002.0;5
86800;;;PEARLS;SEASHELLS;10004.0;1
86800;;;BANANAS;SEASHELLS;4818.0;1
86900;;;DIVING_GEAR;SEASHELLS;99167.0;3
86900;;;BERRIES;SEASHELLS;3857.0;14
87300;;;PEARLS;SEASHELLS;9998.0;5
87800;;;BANANAS;SEASHELLS;4811.0;6
87800;;;BANANAS;SEASHELLS;4811.0;6
87800;;;BANANAS;SEASHELLS;4811.0;5
87900;;;BANANAS;SEASHELLS;4811.0;1
88200;;;BANANAS;SEASHELLS;4812.0;4
88200;;;BANANAS;SEASHELLS;4812.0;1
88300;;;BANANAS;SEASHELLS;4817.0;2
88300;;;PEARLS;SEASHELLS;10004.0;2
88400;;;PINA_COLADAS;SEASHELLS;14816.0;13
88600;;;BANANAS;SEASHELLS;4815.0;1
89200;;;PEARLS;SEASHELLS;9998.0;1
89500;;;PEARLS;SEASHELLS;10005.0;11
89600;;;PEARLS;SEASHELLS;9998.0;2
89600;;;PEARLS;SEASHELLS;9998.0;1
89600;;;BANANAS;SEASHELLS;4813.0;2
89800;;;PEARLS;SEASHELLS;9995.0;2
89800;;;BANANAS;SEASHELLS;4816.0;2
89900;;;BERRIES;SEASHELLS;3858.0;3
90400;;;COCONUTS;SEASHELLS;7915.0;6
90400;;;DIVING_GEAR;SEASHELLS;99182.0;3
90700;;;PEARLS;SEASHELLS;10002.0;1
90800;;;PEARLS;SEASHELLS;10004.0;1
90800;;;BANANAS;SEASHELLS;4811.0;1
91200;;;BANANAS;SEASHELLS;4810.0;2
91200;;;PEARLS;SEASHELLS;9995.0;2
91300;;;BANANAS;SEASHELLS;4815.0;1
91500;;;COCONUTS;SEASHELLS;7919.0;27
91800;;;DIVING_GEAR;SEASHELLS;99210.0;1
91900;;;PEARLS;SEASHELLS;10002.0;1
91900;;;PEARLS;SEASHELLS;10002.0;3
92000;;;PEARLS;SEASHELLS;9996.0;3
92000;;;PEARLS;SEASHELLS;9996.0;2
92000;;;BANANAS;SEASHELLS;4816.0;4
92000;;;DIVING_GEAR;SEASHELLS;99214.0;1
92600;;;BANANAS;SEASHELLS;4813.0;4
92900;;;BERRIES;SEASHELLS;3855.0;13
93000;;;BANANAS;SEASHELLS;4811.0;1
93200;;;PEARLS;SEASHELLS;10002.0;1
93600;;;PEARLS;SEASHELLS;10004.0;2
93600;;;PEARLS;SEASHELLS;10004.0;1
94200;;;PEARLS;SEASHELLS;9998.0;1
94200;;;BANANAS;SEASHELLS;4817.0;1
94300;;;PEARLS;SEASHELLS;9998.0;1
94500;;;PEARLS;SEASHELLS;10004.0;1
94500;;;PEARLS;SEASHELLS;10004.0;1
94500;;;BANANAS;SEASHELLS;4818.0;2
94500;;;DIVING_GEAR;SEASHELLS;99203.0;3
94600;;;BANANAS;SEASHELLS;4817.0;1
94600;;;PEARLS;SEASHELLS;9998.0;1
94800;;;PEARLS;SEASHELLS;9998.0;1
94800;;;BANANAS;SEASHELLS;4814.0;1
95000;;;DIVING_GEAR;SEASHELLS;99213.0;3
95100;;;BANANAS;SEASHELLS;4818.0;1
95100;;;DIVING_GEAR;SEASHELLS;99214.0;1
95300;;;BERRIES;SEASHELLS;3862.0;9
95400;;;PEARLS;SEASHELLS;10002.0;4
95400;;;PEARLS;SEASHELLS;10002.0;1
95400;;;BANANAS;SEASHELLS;4818.0;1
95500;;;COCONUTS;SEASHELLS;7918.0;1
95500;;;BERRIES;SEASHELLS;3856.0;1
95500;;;COCONUTS;SEASHELLS;7918.0;62
95600;;;BANANAS;SEASHELLS;4819.0;4
95600;;;DIVING_GEAR;SEASHELLS;99192.0;1
95900;;;PEARLS;SEASHELLS;9998.0;1
96000;;;BANANAS;SEASHELLS;4819.0;1
96100;;;DIVING_GEAR;SEASHELLS;99176.0;1
96400;;;BANANAS;SEASHELLS;4814.0;13
96500;;;DIVING_GEAR;SEASHELLS;99193.0;3
97400;;;BERRIES;SEASHELLS;3864.0;20
97400;;;BANANAS;SEASHELLS;4814.0;1
97500;;;DIVING_GEAR;SEASHELLS;99191.0;2
97900;;;PEARLS;SEASHELLS;10002.0;4
98000;;;BANANAS;SEASHELLS;4814.0;13
98200;;;PEARLS;SEASHELLS;9998.0;1
98300;;;PEARLS;SEASHELLS;10002.0;1
98500;;;BANANAS;SEASHELLS;4818.0;1
98500;;;BANANAS;SEASHELLS;4818.0;3
98500;;;DIVING_GEAR;SEASHELLS;99196.0;1
99000;;;BANANAS;SEASHELLS;4816.0;4
99000;;;BANANAS;SEASHELLS;4815.0;1
99300;;;BANANAS;SEASHELLS;4820.0;2
99300;;;PEARLS;SEASHELLS;10004.0;2
99500;;;BERRIES;SEASHELLS;3854.0;10
99600;;;BANANAS;SEASHELLS;4815.0;2
99700;;;BANANAS;SEASHELLS;4817.0;3
100100;;;DIVING_GEAR;SEASHELLS;99177.0;1
100200;;;BERRIES;SEASHELLS;3854.0;17
100200;;;PEARLS;SEASHELLS;10002.0;1
100300;;;COCONUTS;SEASHELLS;7917.0;48
100500;;;DIVING_GEAR;SEASHELLS;99168.0;3
100600;;;BANANAS;SEASHELLS;4819.0;1
100600;;;PEARLS;SEASHELLS;10004.0;1
101100;;;PEARLS;SEASHELLS;9998.0;4
101200;;;COCONUTS;SEASHELLS;7920.0;9
101200;;;PEARLS;SEASHELLS;10002.0;1
101700;;;DIVING_GEAR;SEASHELLS;99170.0;1
101700;;;BANANAS;SEASHELLS;4812.0;1
101800;;;PEARLS;SEASHELLS;9995.0;2
101800;;;BANANAS;SEASHELLS;4813.0;2
101900;;;BANANAS;SEASHELLS;4813.0;1
102000;;;BANANAS;SEASHELLS;4813.0;2
102100;;;BERRIES;SEASHELLS;3856.0;3
102300;;;PEARLS;SEASHELLS;9998.0;1
102400;;;BANANAS;SEASHELLS;4813.0;1
102400;;;BANANAS;SEASHELLS;4814.0;1
102600;;;PEARLS;SEASHELLS;10002.0;1
102700;;;BANANAS;SEASHELLS;4820.0;14
103200;;;BANANAS;SEASHELLS;4819.0;1
103200;;;PEARLS;SEASHELLS;10004.0;1
103200;;;BANANAS;SEASHELLS;4819.0;3
103300;;;BANANAS;SEASHELLS;4815.0;3
103500;;;PEARLS;SEASHELLS;9998.0;5
103800;;;BANANAS;SEASHELLS;4818.0;1
103900;;;COCONUTS;SEASHELLS;7922.0;13
104500;;;DIVING_GEAR;SEASHELLS;99175.0;2
104500;;;BANANAS;SEASHELLS;4813.0;1
104600;;;BANANAS;SEASHELLS;4813.0;1
104600;;;PEARLS;SEASHELLS;9998.0;1
104700;;;BANANAS;SEASHELLS;4817.0;2
104700;;;BANANAS;SEASHELLS;4817.0;1
105200;;;BANANAS;SEASHELLS;4813.0;1
105300;;;BANANAS;SEASHELLS;4813.0;1
105400;;;PINA_COLADAS;SEASHELLS;14870.0;2
105500;;;BANANAS;SEASHELLS;4818.0;1
105700;;;DIVING_GEAR;SEASHELLS;99167.0;1
106200;;;BERRIES;SEASHELLS;3856.0;2
106800;;;BANANAS;SEASHELLS;4815.0;1
107100;;;COCONUTS;SEASHELLS;7913.0;43
107300;;;DIVING_GEAR;SEASHELLS;99217.0;2
107600;;;BANANAS;SEASHELLS;4813.0;1
107800;;;PEARLS;SEASHELLS;9996.0;1
107800;;;BANANAS;SEASHELLS;4818.0;1
107800;;;PEARLS;SEASHELLS;9996.0;1
107900;;;BANANAS;SEASHELLS;4814.0;1
107900;;;PEARLS;SEASHELLS;10004.0;1
108000;;;BERRIES;SEASHELLS;3861.0;5
108300;;;DIVING_GEAR;SEASHELLS;99225.0;2
108300;;;PINA_COLADAS;SEASHELLS;14861.0;5
108400;;;BANANAS;SEASHELLS;4815.0;4
108500;;;PEARLS;SEASHELLS;9998.0;1
108600;;;DIVING_GEAR;SEASHELLS;99240.0;1
109000;;;BANANAS;SEASHELLS;4812.0;1
109200;;;DIVING_GEAR;SEASHELLS;99248.0;2
109600;;;PEARLS;SEASHELLS;9998.0;1
109900;;;BANANAS;SEASHELLS;4815.0;11
109900;;;BANANAS;SEASHELLS;4814.0;1
110000;;;PEARLS;SEASHELLS;9996.0;2
110000;;;BANANAS;SEASHELLS;4813.0;4
110000;;;COCONUTS;SEASHELLS;7911.0;51
110100;;;PEARLS;SEASHELLS;10002.0;1
110200;;;PEARLS;SEASHELLS;9995.0;5
110400;;;COCONUTS;SEASHELLS;7910.0;9
111000;;;PINA_COLADAS;SEASHELLS;14853.0;1
111000;;;PINA_COLADAS;SEASHELLS;14853.0;30
111100;;;DIVING_GEAR;SEASHELLS;99294.0;1
111200;;;BANANAS;SEASHELLS;4809.0;1
111400;;;BANANAS;SEASHELLS;4809.0;1
111700;;;PINA_COLADAS;SEASHELLS;14844.0;3
111800;;;PEARLS;SEASHELLS;9998.0;3
111900;;;PINA_COLADAS;SEASHELLS;14839.0;5
112300;;;PEARLS;SEASHELLS;9998.0;1
112300;;;BANANAS;SEASHELLS;4812.0;1
112500;;;DIVING_GEAR;SEASHELLS;99282.0;1
112600;;;BANANAS;SEASHELLS;4812.0;1
112700;;;BANANAS;SEASHELLS;4817.0;1
112800;;;PEARLS;SEASHELLS;9998.0;1
112900;;;BANANAS;SEASHELLS;4816.0;1
112900;;;BANANAS;SEASHELLS;4816.0;1
113100;;;PEARLS;SEASHELLS;10002.0;1
113700;;;BANANAS;SEASHELLS;4812.0;10
113800;;;BANANAS;SEASHELLS;4817.0;12
114000;;;BERRIES;SEASHELLS;3865.0;11
114000;;;PEARLS;SEASHELLS;10002.0;1
114100;;;PEARLS;SEASHELLS;9998.0;1
114100;;;BANANAS;SEASHELLS;4817.0;1
114100;;;PEARLS;SEASHELLS;9998.0;3
114300;;;BANANAS;SEASHELLS;4816.0;1
114300;;;PEARLS;SEASHELLS;9998.0;10
114300;;;PEARLS;SEASHELLS;9996.0;2
114500;;;BANANAS;SEASHELLS;4815.0;4
114500;;;BANANAS;SEASHELLS;4815.0;3
114600;;;BERRIES;SEASHELLS;3858.0;5
114600;;;COCONUTS;SEASHELLS;7909.0;8
114700;;;DIVING_GEAR;SEASHELLS;99250.0;1
114700;;;PINA_COLADAS;SEASHELLS;14846.0;23
114900;;;PINA_COLADAS;SEASHELLS;14849.0;3
114900;;;PEARLS;SEASHELLS;9996.0;2
115000;;;BANANAS;SEASHELLS;4814.0;1
115000;;;DIVING_GEAR;SEASHELLS;99244.0;1
115500;;;BANANAS;SEASHELLS;4810.0;3
115500;;;BANANAS;SEASHELLS;4810.0;1
115600;;;BANANAS;SEASHELLS;4812.0;1
115600;;;BERRIES;SEASHELLS;3858.0;1
115700;;;COCONUTS;SEASHELLS;7907.0;6
115700;;;BANANAS;SEASHELLS;4814.0;1
115900;;;BANANAS;SEASHELLS;4810.0;4
116100;;;BANANAS;SEASHELLS;4809.0;1
116100;;;PEARLS;SEASHELLS;10002.0;1
116400;;;PEARLS;SEASHELLS;9998.0;9
116600;;;PEARLS;SEASHELLS;9998.0;1
116600;;;BANANAS;SEASHELLS;4810.0;1
116800;;;PEARLS;SEASHELLS;9995.0;7
116800;;;DIVING_GEAR;SEASHELLS;99263.0;2
116900;;;BANANAS;SEASHELLS;4815.0;7
116900;;;PEARLS;SEASHELLS;10002.0;1
117000;;;PEARLS;SEASHELLS;10002.0;3
117100;;;PEARLS;SEASHELLS;9998.0;1
117100;;;BANANAS;SEASHELLS;4815.0;1
117300;;;PEARLS;SEASHELLS;9998.0;1
117300;;;BANANAS;SEASHELLS;4811.0;1
117400;;;PEARLS;SEASHELLS;9998.0;1
117500;;;BANANAS;SEASHELLS;4811.0;1
117700;;;BERRIES;SEASHELLS;3864.0;8
117800;;;PEARLS;SEASHELLS;9998.0;1
117800;;;BANANAS;SEASHELLS;4815.0;1
118000;;;COCONUTS;SEASHELLS;7903.0;20
118000;;;BANANAS;SEASHELLS;4811.0;14
118100;;;BANANAS;SEASHELLS;4815.0;1
118100;;;PEARLS;SEASHELLS;9996.0;1
118800;;;BANANAS;SEASHELLS;4810.0;1
119100;;;BANANAS;SEASHELLS;4814.0;2
119100;;;PEARLS;SEASHELLS;10002.0;5
119100;;;PEARLS;SEASHELLS;10004.0;2
119200;;;PEARLS;SEASHELLS;9998.0;5
119200;;;PEARLS;SEASHELLS;9998.0;3
119800;;;BERRIES;SEASHELLS;3859.0;8
120000;;;PEARLS;SEASHELLS;10002.0;3
120300;;;BANANAS;SEASHELLS;4810.0;1
120300;;;PEARLS;SEASHELLS;9995.0;1
120500;;;BANANAS;SEASHELLS;4811.0;9
120500;;;BANANAS;SEASHELLS;4811.0;2
120800;;;BERRIES;SEASHELLS;3855.0;12
121000;;;PEARLS;SEASHELLS;10000.0;5
121200;;;PEARLS;SEASHELLS;9998.0;1
121700;;;PEARLS;SEASHELLS;10002.0;1
121700;;;BANANAS;SEASHELLS;4812.0;3
121800;;;BERRIES;SEASHELLS;3856.0;15
122100;;;BANANAS;SEASHELLS;4818.0;7
122100;;;PEARLS;SEASHELLS;9998.0;1
122200;;;BANANAS;SEASHELLS;4812.0;1
122500;;;PINA_COLADAS;SEASHELLS;14816.0;4
122500;;;BANANAS;SEASHELLS;4811.0;1
122600;;;PEARLS;SEASHELLS;9998.0;1
122900;;;BANANAS;SEASHELLS;4810.0;1
122900;;;PEARLS;SEASHELLS;9996.0;1
123000;;;BANANAS;SEASHELLS;4814.0;1
123200;;;BANANAS;SEASHELLS;4815.0;1
123800;;;PEARLS;SEASHELLS;10002.0;2
123800;;;BANANAS;SEASHELLS;4814.0;2
123900;;;BANANAS;SEASHELLS;4810.0;1
124000;;;COCONUTS;SEASHELLS;7885.0;44
124400;;;BANANAS;SEASHELLS;4815.0;1
124700;;;PEARLS;SEASHELLS;9998.0;1
124900;;;BERRIES;SEASHELLS;3860.0;8
125100;;;BANANAS;SEASHELLS;4809.0;1
125100;;;PEARLS;SEASHELLS;9996.0;1
125600;;;PEARLS;SEASHELLS;10002.0;1
125900;;;DIVING_GEAR;SEASHELLS;99367.0;3
126200;;;PEARLS;SEASHELLS;9998.0;3
126200;;;PEARLS;SEASHELLS;9998.0;1
126300;;;PEARLS;SEASHELLS;9998.0;1
126400;;;PEARLS;SEASHELLS;9996.0;1
126400;;;BANANAS;SEASHELLS;4808.0;1
126500;;;BANANAS;SEASHELLS;4814.0;1
126700;;;PEARLS;SEASHELLS;9996.0;1
126700;;;BANANAS;SEASHELLS;4809.0;1
126700;;;BANANAS;SEASHELLS;4808.0;1
126700;;;BERRIES;SEASHELLS;3863.0;8
126800;;;BERRIES;SEASHELLS;3863.0;10
126900;;;BANANAS;SEASHELLS;4808.0;2
127000;;;BANANAS;SEASHELLS;4814.0;1
127000;;;PEARLS;SEASHELLS;10000.0;1
127600;;;DIVING_GEAR;SEASHELLS;99375.0;2
127700;;;BANANAS;SEASHELLS;4806.0;1
127900;;;BANANAS;SEASHELLS;4805.0;1
128000;;;BANANAS;SEASHELLS;4806.0;2
128000;;;PEARLS;SEASHELLS;9998.0;2
128200;;;BANANAS;SEASHELLS;4805.0;1
128500;;;PEARLS;SEASHELLS;10002.0;3
128800;;;PEARLS;SEASHELLS;10002.0;1
129100;;;BANANAS;SEASHELLS;4807.0;1
129200;;;BANANAS;SEASHELLS;4807.0;1
129300;;;BANANAS;SEASHELLS;4807.0;1
129600;;;PEARLS;SEASHELLS;10000.0;1
129600;;;BANANAS;SEASHELLS;4812.0;1
129800;;;BERRIES;SEASHELLS;3861.0;1
130000;;;BANANAS;SEASHELLS;4805.0;2
130000;;;PEARLS;SEASHELLS;9996.0;2
130400;;;COCONUTS;SEASHELLS;7886.0;9
130400;;;BERRIES;SEASHELLS;3857.0;3
130600;;;BERRIES;SEASHELLS;3855.0;8
130700;;;COCONUTS;SEASHELLS;7884.0;16
131100;;;DIVING_GEAR;SEASHELLS;99393.0;3
131200;;;PEARLS;SEASHELLS;10002.0;1
131300;;;COCONUTS;SEASHELLS;7887.0;17
131400;;;BANANAS;SEASHELLS;4813.0;1
131400;;;BANANAS;SEASHELLS;4808.0;7
131700;;;DIVING_GEAR;SEASHELLS;99376.0;1
131800;;;DIVING_GEAR;SEASHELLS;99386.0;2
132100;;;PINA_COLADAS;SEASHELLS;14846.0;4
132100;;;BANANAS;SEASHELLS;4807.0;1
132600;;;BANANAS;SEASHELLS;4807.0;2
132600;;;BANANAS;SEASHELLS;4813.0;2
132600;;;PEARLS;SEASHELLS;10004.0;2
132700;;;COCONUTS;SEASHELLS;7897.0;10
132800;;;DIVING_GEAR;SEASHELLS;99390.0;1
132900;;;BERRIES;SEASHELLS;3861.0;10
133200;;;PEARLS;SEASHELLS;9996.0;7
133200;;;PEARLS;SEASHELLS;9996.0;1
134200;;;DIVING_GEAR;SEASHELLS;99406.0;3
134600;;;BERRIES;SEASHELLS;3860.0;4
134800;;;BANANAS;SEASHELLS;4815.0;1
134800;;;DIVING_GEAR;SEASHELLS;99395.0;1
135000;;;BANANAS;SEASHELLS;4815.0;1
135200;;;DIVING_GEAR;SEASHELLS;99381.0;1
135400;;;COCONUTS;SEASHELLS;7902.0;7
135600;;;BERRIES;SEASHELLS;3856.0;11
135700;;;BANANAS;SEASHELLS;4812.0;3
135700;;;DIVING_GEAR;SEASHELLS;99404.0;2
135800;;;DIVING_GEAR;SEASHELLS;99397.0;1
136100;;;PINA_COLADAS;SEASHELLS;14870.0;30
136200;;;DIVING_GEAR;SEASHELLS;99392.0;1
136300;;;PEARLS;SEASHELLS;9998.0;3
136500;;;BANANAS;SEASHELLS;4810.0;1
136500;;;PEARLS;SEASHELLS;9996.0;1
136500;;;COCONUTS;SEASHELLS;7901.0;30
136600;;;PEARLS;SEASHELLS;10002.0;2
136600;;;PEARLS;SEASHELLS;10002.0;2
136700;;;DIVING_GEAR;SEASHELLS;99421.0;1
136800;;;BANANAS;SEASHELLS;4811.0;1
137000;;;PEARLS;SEASHELLS;9998.0;1
137100;;;BERRIES;SEASHELLS;3863.0;2
137400;;;PINA_COLADAS;SEASHELLS;14868.0;5
137400;;;PINA_COLADAS;SEASHELLS;14868.0;30
137600;;;BANANAS;SEASHELLS;4817.0;1
138000;;;BERRIES;SEASHELLS;3858.0;2
138200;;;PEARLS;SEASHELLS;9995.0;7
138300;;;PEARLS;SEASHELLS;9998.0;1
138600;;;DIVING_GEAR;SEASHELLS;99405.0;1
138800;;;BANANAS;SEASHELLS;4814.0;1
138900;;;PEARLS;SEASHELLS;9998.0;1
139000;;;PEARLS;SEASHELLS;9998.0;1
139200;;;PEARLS;SEASHELLS;10002.0;1
139300;;;PEARLS;SEASHELLS;9998.0;2
139400;;;BERRIES;SEASHELLS;3864.0;7
139900;;;BERRIES;SEASHELLS;3860.0;13
140000;;;DIVING_GEAR;SEASHELLS;99368.0;1
140100;;;PEARLS;SEASHELLS;9995.0;1
140100;;;BANANAS;SEASHELLS;4807.0;1
140200;;;BANANAS;SEASHELLS;4812.0;10
140200;;;DIVING_GEAR;SEASHELLS;99376.0;1
140400;;;BANANAS;SEASHELLS;4812.0;2
140400;;;BANANAS;SEASHELLS;4807.0;1
140400;;;PEARLS;SEASHELLS;10002.0;2
140500;;;PEARLS;SEASHELLS;9998.0;3
140500;;;BANANAS;SEASHELLS;4812.0;1
141000;;;BERRIES;SEASHELLS;3857.0;12
141000;;;PINA_COLADAS;SEASHELLS;14870.0;23
141100;;;BANANAS;SEASHELLS;4808.0;1
141400;;;PEARLS;SEASHELLS;9995.0;7
141500;;;PINA_COLADAS;SEASHELLS;14870.0;4
141600;;;DIVING_GEAR;SEASHELLS;99306.0;1
141900;;;BERRIES;SEASHELLS;3856.0;6
141900;;;BANANAS;SEASHELLS;4808.0;1
141900;;;PEARLS;SEASHELLS;10004.0;1
142100;;;PEARLS;SEASHELLS;9996.0;1
142100;;;BANANAS;SEASHELLS;4808.0;1
142200;;;BERRIES;SEASHELLS;3861.0;3
142300;;;BANANAS;SEASHELLS;4808.0;17
142400;;;BERRIES;SEASHELLS;3856.0;2
142400;;;PEARLS;SEASHELLS;9995.0;12
142700;;;DIVING_GEAR;SEASHELLS;99314.0;3
143100;;;PEARLS;SEASHELLS;9998.0;2
143200;;;BANANAS;SEASHELLS;4814.0;1
143300;;;DIVING_GEAR;SEASHELLS;99321.0;2
143500;;;BANANAS;SEASHELLS;4814.0;2
143900;;;DIVING_GEAR;SEASHELLS;99352.0;3
144200;;;BANANAS;SEASHELLS;4809.0;2
144200;;;PEARLS;SEASHELLS;9996.0;2
144500;;;PEARLS;SEASHELLS;10002.0;3
144500;;;BANANAS;SEASHELLS;4812.0;4
144600;;;BANANAS;SEASHELLS;4814.0;1
144600;;;PEARLS;SEASHELLS;10002.0;1
144900;;;COCONUTS;SEASHELLS;7907.0;25
145100;;;BANANAS;SEASHELLS;4808.0;1
145300;;;DIVING_GEAR;SEASHELLS;99323.0;2
145900;;;BANANAS;SEASHELLS;4815.0;1
146000;;;BANANAS;SEASHELLS;4810.0;7
146000;;;DIVING_GEAR;SEASHELLS;99340.0;1
146300;;;COCONUTS;SEASHELLS;7910.0;28
146400;;;BERRIES;SEASHELLS;3855.0;10
146500;;;DIVING_GEAR;SEASHELLS;99323.0;3
146900;;;BANANAS;SEASHELLS;4812.0;3
146900;;;PEARLS;SEASHELLS;10002.0;1
147000;;;DIVING_GEAR;SEASHELLS;99303.0;3
147300;;;BANANAS;SEASHELLS;4815.0;1
147300;;;PINA_COLADAS;SEASHELLS;14875.0;4
147600;;;BANANAS;SEASHELLS;4809.0;1
147700;;;PEARLS;SEASHELLS;10004.0;2
147700;;;PEARLS;SEASHELLS;10004.0;8
147700;;;BANANAS;SEASHELLS;4809.0;1
147800;;;PEARLS;SEASHELLS;9998.0;4
147800;;;PEARLS;SEASHELLS;9998.0;1
147900;;;BERRIES;SEASHELLS;3858.0;10
147900;;;DIVING_GEAR;SEASHELLS;99298.0;3
148400;;;BERRIES;SEASHELLS;3857.0;5
148700;;;BANANAS;SEASHELLS;4811.0;13
148700;;;BERRIES;SEASHELLS;3861.0;14
148800;;;PEARLS;SEASHELLS;9998.0;1
148900;;;PEARLS;SEASHELLS;9998.0;5
148900;;;COCONUTS;SEASHELLS;7907.0;9
149000;;;BANANAS;SEASHELLS;4816.0;1
149000;;;PEARLS;SEASHELLS;10002.0;1
149000;;;BANANAS;SEASHELLS;4816.0;1
149500;;;BANANAS;SEASHELLS;4816.0;1
149500;;;BANANAS;SEASHELLS;4816.0;10
149600;;;BANANAS;SEASHELLS;4816.0;1
149700;;;BANANAS;SEASHELLS;4811.0;12
149700;;;COCONUTS;SEASHELLS;7906.0;29
149900;;;COCONUTS;SEASHELLS;7905.0;52
150100;;;BANANAS;SEASHELLS;4811.0;1
150100;;;PEARLS;SEASHELLS;10002.0;1
150500;;;PEARLS;SEASHELLS;10002.0;3
150600;;;PEARLS;SEASHELLS;10004.0;1
150600;;;BANANAS;SEASHELLS;4817.0;1
150700;;;BANANAS;SEASHELLS;4810.0;8
150800;;;DIVING_GEAR;SEASHELLS;99319.0;1
151000;;;PINA_COLADAS;SEASHELLS;14871.0;24
151000;;;PINA_COLADAS;SEASHELLS;14871.0;5
151300;;;BANANAS;SEASHELLS;4811.0;3
151500;;;DIVING_GEAR;SEASHELLS;99313.0;2
152000;;;COCONUTS;SEASHELLS;7900.0;50
152100;;;BANANAS;SEASHELLS;4812.0;1
152100;;;BANANAS;SEASHELLS;4812.0;4
152200;;;PEARLS;SEASHELLS;10004.0;1
152200;;;BANANAS;SEASHELLS;4814.0;1
152700;;;PEARLS;SEASHELLS;9998.0;1
153000;;;DIVING_GEAR;SEASHELLS;99304.0;3
153100;;;PEARLS;SEASHELLS;10002.0;1
153200;;;PEARLS;SEASHELLS;10002.0;4
153500;;;BANANAS;SEASHELLS;4810.0;11
153700;;;PINA_COLADAS;SEASHELLS;14862.0;5
154000;;;PEARLS;SEASHELLS;10002.0;1
154000;;;BANANAS;SEASHELLS;4810.0;4
154000;;;BERRIES;SEASHELLS;3866.0;10
154300;;;BANANAS;SEASHELLS;4809.0;1
154300;;;DIVING_GEAR;SEASHELLS;99305.0;2
154900;;;DIVING_GEAR;SEASHELLS;99316.0;3
155200;;;PEARLS;SEASHELLS;9996.0;1
155200;;;BANANAS;SEASHELLS;4809.0;2
155500;;;BANANAS;SEASHELLS;4808.0;1
156000;;;BANANAS;SEASHELLS;4807.0;1
156100;;;PEARLS;SEASHELLS;10002.0;2
156100;;;BANANAS;SEASHELLS;4812.0;2
156100;;;BERRIES;SEASHELLS;3863.0;1
156300;;;PEARLS;SEASHELLS;9998.0;2
156300;;;BANANAS;SEASHELLS;4814.0;2
156600;;;BANANAS;SEASHELLS;4812.0;1
157100;;;COCONUTS;SEASHELLS;7904.0;47
157300;;;BANANAS;SEASHELLS;4808.0;1
157400;;;DIVING_GEAR;SEASHELLS;99304.0;3
157400;;;DIVING_GEAR;SEASHELLS;99304.0;2
157500;;;DIVING_GEAR;SEASHELLS;99304.0;1
157900;;;BANANAS;SEASHELLS;4809.0;6
158100;;;BANANAS;SEASHELLS;4811.0;1
158200;;;BANANAS;SEASHELLS;4810.0;1
158300;;;BANANAS;SEASHELLS;4811.0;2
158300;;;PEARLS;SEASHELLS;9995.0;2
158400;;;BERRIES;SEASHELLS;3863.0;2
158500;;;BANANAS;SEASHELLS;4816.0;4
158900;;;PEARLS;SEASHELLS;9998.0;1
159400;;;BANANAS;SEASHELLS;4812.0;1
159600;;;BERRIES;SEASHELLS;3864.0;7
159600;;;PEARLS;SEASHELLS;10002.0;3
159700;;;PEARLS;SEASHELLS;9996.0;1
159700;;;BANANAS;SEASHELLS;4811.0;1
159800;;;BANANAS;SEASHELLS;4812.0;2
159800;;;PEARLS;SEASHELLS;9998.0;2
159900;;;BANANAS;SEASHELLS;4818.0;12
159900;;;PEARLS;SEASHELLS;10004.0;1
160200;;;BANANAS;SEASHELLS;4814.0;1
160400;;;DIVING_GEAR;SEASHELLS;99340.0;3
160600;;;PEARLS;SEASHELLS;9995.0;7
160600;;;BANANAS;SEASHELLS;4815.0;11
160900;;;BANANAS;SEASHELLS;4820.0;1
160900;;;PEARLS;SEASHELLS;10005.0;1
161100;;;BANANAS;SEASHELLS;4813.0;1
161100;;;PEARLS;SEASHELLS;9995.0;1
161100;;;BERRIES;SEASHELLS;3868.0;14
161200;;;BANANAS;SEASHELLS;4813.0;1
161500;;;BANANAS;SEASHELLS;4819.0;1
161500;;;PEARLS;SEASHELLS;10005.0;1
161600;;;PINA_COLADAS;SEASHELLS;14890.0;26
161900;;;DIVING_GEAR;SEASHELLS;99321.0;3
162000;;;PEARLS;SEASHELLS;10002.0;1
162100;;;PINA_COLADAS;SEASHELLS;14888.0;40
162100;;;PEARLS;SEASHELLS;9998.0;5
162100;;;BANANAS;SEASHELLS;4817.0;1
162300;;;BANANAS;SEASHELLS;4812.0;15
162300;;;BANANAS;SEASHELLS;4812.0;1
162400;;;DIVING_GEAR;SEASHELLS;99330.0;2
162600;;;BANANAS;SEASHELLS;4818.0;2
162600;;;PEARLS;SEASHELLS;10004.0;2
163000;;;BANANAS;SEASHELLS;4816.0;1
163000;;;PEARLS;SEASHELLS;9998.0;1
163100;;;BERRIES;SEASHELLS;3870.0;8
163100;;;BANANAS;SEASHELLS;4813.0;3
163200;;;BERRIES;SEASHELLS;3862.0;4
163500;;;BANANAS;SEASHELLS;4814.0;13
163500;;;BANANAS;SEASHELLS;4814.0;1
163800;;;BANANAS;SEASHELLS;4813.0;1
163800;;;PEARLS;SEASHELLS;10005.0;1
163900;;;PEARLS;SEASHELLS;10004.0;1
163900;;;PEARLS;SEASHELLS;9998.0;1
163900;;;BANANAS;SEASHELLS;4819.0;2
163900;;;PEARLS;SEASHELLS;10004.0;1
164100;;;COCONUTS;SEASHELLS;7914.0;41
164300;;;DIVING_GEAR;SEASHELLS;99319.0;1
164300;;;BANANAS;SEASHELLS;4818.0;1
164300;;;PEARLS;SEASHELLS;10002.0;3
164500;;;COCONUTS;SEASHELLS;7913.0;10
164800;;;BANANAS;SEASHELLS;4816.0;1
164900;;;PEARLS;SEASHELLS;9996.0;2
164900;;;PEARLS;SEASHELLS;9996.0;6
165400;;;PEARLS;SEASHELLS;9998.0;2
165600;;;BERRIES;SEASHELLS;3867.0;14
165800;;;BANANAS;SEASHELLS;4812.0;1
165800;;;BERRIES;SEASHELLS;3861.0;9
165800;;;PEARLS;SEASHELLS;10002.0;1
165900;;;PEARLS;SEASHELLS;9998.0;1
166100;;;PEARLS;SEASHELLS;9998.0;3
166300;;;PINA_COLADAS;SEASHELLS;14901.0;10
166500;;;BANANAS;SEASHELLS;4814.0;5
166600;;;COCONUTS;SEASHELLS;7912.0;5
166600;;;BANANAS;SEASHELLS;4813.0;1
166700;;;COCONUTS;SEASHELLS;7910.0;67
167000;;;PEARLS;SEASHELLS;9998.0;5
167100;;;PEARLS;SEASHELLS;10004.0;2
167100;;;BANANAS;SEASHELLS;4814.0;1
167300;;;PEARLS;SEASHELLS;10005.0;5
167500;;;BANANAS;SEASHELLS;4819.0;2
167500;;;PEARLS;SEASHELLS;9998.0;1
168100;;;PEARLS;SEASHELLS;10002.0;1
168200;;;PEARLS;SEASHELLS;9998.0;4
168500;;;BANANAS;SEASHELLS;4813.0;1
168600;;;BERRIES;SEASHELLS;3858.0;10
168900;;;BANANAS;SEASHELLS;4814.0;8
168900;;;PEARLS;SEASHELLS;9998.0;2
168900;;;BANANAS;SEASHELLS;4814.0;1
169300;;;PINA_COLADAS;SEASHELLS;14903.0;13
169300;;;PEARLS;SEASHELLS;10002.0;1
169400;;;BANANAS;SEASHELLS;4819.0;1
169600;;;COCONUTS;SEASHELLS;7912.0;16
169700;;;PEARLS;SEASHELLS;9998.0;1
169800;;;BANANAS;SEASHELLS;4820.0;2
169800;;;PEARLS;SEASHELLS;10004.0;2
169900;;;PINA_COLADAS;SEASHELLS;14899.0;15
170100;;;BANANAS;SEASHELLS;4820.0;2
170100;;;PEARLS;SEASHELLS;10005.0;2
170200;;;BANANAS;SEASHELLS;4818.0;1
170200;;;DIVING_GEAR;SEASHELLS;99452.0;3
170400;;;BANANAS;SEASHELLS;4812.0;1
170700;;;PEARLS;SEASHELLS;9996.0;1
170700;;;BANANAS;SEASHELLS;4810.0;1
170800;;;PINA_COLADAS;SEASHELLS;14905.0;6
170800;;;PEARLS;SEASHELLS;10002.0;1
171400;;;BERRIES;SEASHELLS;3858.0;3
171500;;;PEARLS;SEASHELLS;9996.0;1
171600;;;PEARLS;SEASHELLS;9996.0;2
171900;;;BERRIES;SEASHELLS;3855.0;4
172200;;;PEARLS;SEASHELLS;9998.0;1
172200;;;DIVING_GEAR;SEASHELLS;99504.0;1
172300;;;PEARLS;SEASHELLS;10002.0;2
172400;;;BANANAS;SEASHELLS;4808.0;1
172400;;;BERRIES;SEASHELLS;3862.0;13
172500;;;PINA_COLADAS;SEASHELLS;14912.0;2
172600;;;BANANAS;SEASHELLS;4813.0;12
173100;;;BANANAS;SEASHELLS;4806.0;1
173100;;;PEARLS;SEASHELLS;9996.0;1
173300;;;BANANAS;SEASHELLS;4810.0;4
173300;;;BANANAS;SEASHELLS;4810.0;1
173400;;;BANANAS;SEASHELLS;4811.0;1
173400;;;BERRIES;SEASHELLS;3857.0;5
173600;;;BANANAS;SEASHELLS;4811.0;1
173600;;;PEARLS;SEASHELLS;9998.0;1
173800;;;BANANAS;SEASHELLS;4806.0;1
173900;;;BANANAS;SEASHELLS;4805.0;1
174000;;;DIVING_GEAR;SEASHELLS;99534.0;2
174200;;;PEARLS;SEASHELLS;10004.0;2
174400;;;PINA_COLADAS;SEASHELLS;14925.0;5
174700;;;BANANAS;SEASHELLS;4805.0;1
174800;;;PEARLS;SEASHELLS;9995.0;1
174800;;;BANANAS;SEASHELLS;4804.0;1
175200;;;PEARLS;SEASHELLS;10002.0;1
175300;;;BANANAS;SEASHELLS;4805.0;1
175500;;;BANANAS;SEASHELLS;4806.0;2
175800;;;BERRIES;SEASHELLS;3869.0;5
175800;;;BANANAS;SEASHELLS;4809.0;1
176100;;;BANANAS;SEASHELLS;4812.0;4
176200;;;BANANAS;SEASHELLS;4812.0;1
176200;;;PEARLS;SEASHELLS;10005.0;1
177000;;;BANANAS;SEASHELLS;4812.0;1
177700;;;BANANAS;SEASHELLS;4806.0;3
177700;;;BANANAS;SEASHELLS;4811.0;1
177800;;;PEARLS;SEASHELLS;9998.0;1
178100;;;DIVING_GEAR;SEASHELLS;99570.0;1
178100;;;BANANAS;SEASHELLS;4807.0;1
178200;;;BERRIES;SEASHELLS;3874.0;5
178400;;;PEARLS;SEASHELLS;9998.0;1
178500;;;PEARLS;SEASHELLS;9998.0;3
178700;;;PEARLS;SEASHELLS;9998.0;1
178700;;;BANANAS;SEASHELLS;4807.0;1
178800;;;PEARLS;SEASHELLS;10002.0;2
178800;;;BANANAS;SEASHELLS;4809.0;2
179300;;;BANANAS;SEASHELLS;4807.0;12
179500;;;BERRIES;SEASHELLS;3870.0;10
179600;;;PEARLS;SEASHELLS;10002.0;4
179700;;;BANANAS;SEASHELLS;4815.0;9
179700;;;BANANAS;SEASHELLS;4808.0;1
179800;;;PEARLS;SEASHELLS;10004.0;2
179800;;;BANANAS;SEASHELLS;4814.0;2
179900;;;DIVING_GEAR;SEASHELLS;99589.0;2
180000;;;DIVING_GEAR;SEASHELLS;99597.0;2
180300;;;BANANAS;SEASHELLS;4813.0;1
180300;;;PEARLS;SEASHELLS;9998.0;1
180600;;;PEARLS;SEASHELLS;10004.0;1
180600;;;BANANAS;SEASHELLS;4810.0;1
180800;;;BANANAS;SEASHELLS;4814.0;10
180900;;;PEARLS;SEASHELLS;9996.0;1
180900;;;BANANAS;SEASHELLS;4808.0;1
181400;;;BANANAS;SEASHELLS;4807.0;7
181600;;;BANANAS;SEASHELLS;4812.0;3
181700;;;BANANAS;SEASHELLS;4813.0;1
181700;;;PEARLS;SEASHELLS;9998.0;1
181800;;;DIVING_GEAR;SEASHELLS;99624.0;1
182200;;;DIVING_GEAR;SEASHELLS;99628.0;2
182700;;;DIVING_GEAR;SEASHELLS;99631.0;2
183100;;;PEARLS;SEASHELLS;9998.0;2
183200;;;BANANAS;SEASHELLS;4807.0;1
183300;;;BANANAS;SEASHELLS;4808.0;1
183400;;;BANANAS;SEASHELLS;4807.0;1
183500;;;BANANAS;SEASHELLS;4808.0;12
183600;;;PEARLS;SEASHELLS;10005.0;2
183600;;;DIVING_GEAR;SEASHELLS;99652.0;2
183600;;;BANANAS;SEASHELLS;4807.0;5
183700;;;DIVING_GEAR;SEASHELLS;99648.0;1
183800;;;PEARLS;SEASHELLS;10002.0;1
183800;;;BANANAS;SEASHELLS;4808.0;1
183900;;;PEARLS;SEASHELLS;9995.0;2
183900;;;BANANAS;SEASHELLS;4812.0;1
184000;;;PINA_COLADAS;SEASHELLS;14916.0;27
184000;;;BANANAS;SEASHELLS;4812.0;1
184000;;;PINA_COLADAS;SEASHELLS;14916.0;8
184400;;;DIVING_GEAR;SEASHELLS;99636.0;3
184500;;;PEARLS;SEASHELLS;10002.0;1
184800;;;COCONUTS;SEASHELLS;7921.0;10
184800;;;BANANAS;SEASHELLS;4812.0;1
184800;;;COCONUTS;SEASHELLS;7921.0;64
184900;;;BANANAS;SEASHELLS;4807.0;1
184900;;;BANANAS;SEASHELLS;4807.0;2
185100;;;DIVING_GEAR;SEASHELLS;99641.0;1
185600;;;BERRIES;SEASHELLS;3874.0;7
185600;;;PEARLS;SEASHELLS;10002.0;2
185800;;;BERRIES;SEASHELLS;3867.0;10
185900;;;BANANAS;SEASHELLS;4807.0;2
185900;;;BANANAS;SEASHELLS;4807.0;7
185900;;;COCONUTS;SEASHELLS;7923.0;10
185900;;;PEARLS;SEASHELLS;10005.0;2
185900;;;BANANAS;SEASHELLS;4807.0;3
186200;;;BANANAS;SEASHELLS;4806.0;1
186200;;;PEARLS;SEASHELLS;9998.0;1
186400;;;COCONUTS;SEASHELLS;7923.0;73
186600;;;PEARLS;SEASHELLS;10002.0;1
186800;;;BANANAS;SEASHELLS;4812.0;1
186900;;;DIVING_GEAR;SEASHELLS;99686.0;2
187200;;;DIVING_GEAR;SEASHELLS;99698.0;1
187800;;;BERRIES;SEASHELLS;3865.0;5
187900;;;PEARLS;SEASHELLS;10004.0;2
187900;;;BERRIES;SEASHELLS;3873.0;12
187900;;;PEARLS;SEASHELLS;10004.0;1
187900;;;BANANAS;SEASHELLS;4808.0;2
188200;;;BANANAS;SEASHELLS;4813.0;1
188300;;;DIVING_GEAR;SEASHELLS;99704.0;1
188600;;;PEARLS;SEASHELLS;10002.0;3
189000;;;PEARLS;SEASHELLS;9998.0;1
189100;;;DIVING_GEAR;SEASHELLS;99733.0;1
189100;;;PEARLS;SEASHELLS;9998.0;1
189100;;;PEARLS;SEASHELLS;9998.0;1
189100;;;BANANAS;SEASHELLS;4809.0;2
189700;;;PINA_COLADAS;SEASHELLS;14928.0;33
189700;;;BANANAS;SEASHELLS;4812.0;1
189700;;;PINA_COLADAS;SEASHELLS;14928.0;3
189800;;;PEARLS;SEASHELLS;10004.0;1
189800;;;BANANAS;SEASHELLS;4813.0;1
189900;;;BANANAS;SEASHELLS;4813.0;1
189900;;;DIVING_GEAR;SEASHELLS;99754.0;2
190100;;;BERRIES;SEASHELLS;3867.0;6
190300;;;BANANAS;SEASHELLS;4808.0;1
190300;;;BANANAS;SEASHELLS;4814.0;18
190500;;;BANANAS;SEASHELLS;4809.0;4
190900;;;BANANAS;SEASHELLS;4814.0;1
191000;;;DIVING_GEAR;SEASHELLS;99761.0;2
191500;;;BANANAS;SEASHELLS;4811.0;1
191900;;;DIVING_GEAR;SEASHELLS;99765.0;3
192100;;;BANANAS;SEASHELLS;4812.0;1
192200;;;BANANAS;SEASHELLS;4817.0;1
192300;;;BANANAS;SEASHELLS;4812.0;7
192300;;;BERRIES;SEASHELLS;3875.0;12
192300;;;BANANAS;SEASHELLS;4812.0;2
192500;;;BANANAS;SEASHELLS;4811.0;19
192800;;;PEARLS;SEASHELLS;9998.0;1
193200;;;PEARLS;SEASHELLS;10002.0;1
193200;;;BANANAS;SEASHELLS;4817.0;1
193300;;;PEARLS;SEASHELLS;9998.0;4
193400;;;PEARLS;SEASHELLS;10002.0;1
193700;;;PEARLS;SEASHELLS;9998.0;1
193900;;;DIVING_GEAR;SEASHELLS;99791.0;2
194000;;;PEARLS;SEASHELLS;10002.0;1
194000;;;BANANAS;SEASHELLS;4815.0;1
194100;;;BANANAS;SEASHELLS;4810.0;1
194200;;;BANANAS;SEASHELLS;4816.0;9
194200;;;BANANAS;SEASHELLS;4815.0;1
194400;;;DIVING_GEAR;SEASHELLS;99781.0;1
194600;;;COCONUTS;SEASHELLS;7932.0;8
194700;;;BANANAS;SEASHELLS;4817.0;2
194700;;;PEARLS;SEASHELLS;10005.0;2
194900;;;PEARLS;SEASHELLS;10002.0;1
195500;;;DIVING_GEAR;SEASHELLS;99792.0;1
195700;;;BANANAS;SEASHELLS;4811.0;1
195700;;;DIVING_GEAR;SEASHELLS;99804.0;2
196300;;;DIVING_GEAR;SEASHELLS;99790.0;1
196400;;;BANANAS;SEASHELLS;4811.0;1
197200;;;BANANAS;SEASHELLS;4810.0;1
197300;;;BANANAS;SEASHELLS;4815.0;1
197300;;;BANANAS;SEASHELLS;4815.0;5
197400;;;PEARLS;SEASHELLS;9998.0;4
197400;;;BANANAS;SEASHELLS;4810.0;1
197800;;;PEARLS;SEASHELLS;10000.0;3
197800;;;PEARLS;SEASHELLS;10002.0;2
198200;;;BANANAS;SEASHELLS;4812.0;4
198300;;;BANANAS;SEASHELLS;4812.0;4
198300;;;DIVING_GEAR;SEASHELLS;99787.0;2
198600;;;BERRIES;SEASHELLS;3862.0;4
198800;;;BANANAS;SEASHELLS;4811.0;5
198800;;;BANANAS;SEASHELLS;4811.0;1
198800;;;BERRIES;SEASHELLS;3862.0;1
199000;;;BANANAS;SEASHELLS;4818.0;1
199000;;;PEARLS;SEASHELLS;10004.0;1
199300;;;BANANAS;SEASHELLS;4816.0;1
199700;;;PEARLS;SEASHELLS;10004.0;2
199700;;;BANANAS;SEASHELLS;4818.0;2
199900;;;DIVING_GEAR;SEASHELLS;99786.0;2
200100;;;BANANAS;SEASHELLS;4812.0;4
200600;;;BANANAS;SEASHELLS;4819.0;2
200600;;;PEARLS;SEASHELLS;10004.0;2
200700;;;COCONUTS;SEASHELLS;7929.0;10
200800;;;COCONUTS;SEASHELLS;7930.0;61
200800;;;PEARLS;SEASHELLS;10004.0;2
200800;;;PEARLS;SEASHELLS;10004.0;6
200800;;;DIVING_GEAR;SEASHELLS;99777.0;1
201100;;;COCONUTS;SEASHELLS;7934.0;8
201300;;;PEARLS;SEASHELLS;10002.0;5
201300;;;PEARLS;SEASHELLS;10002.0;1
201300;;;BERRIES;SEASHELLS;3868.0;2
201300;;;BANANAS;SEASHELLS;4812.0;1
201600;;;BERRIES;SEASHELLS;3867.0;2
201700;;;PEARLS;SEASHELLS;10005.0;1
201700;;;BANANAS;SEASHELLS;4817.0;1
201700;;;BANANAS;SEASHELLS;4819.0;1
202100;;;BANANAS;SEASHELLS;4814.0;1
202300;;;BANANAS;SEASHELLS;4814.0;1
202400;;;PEARLS;SEASHELLS;10002.0;1
203000;;;PEARLS;SEASHELLS;10002.0;1
203100;;;BERRIES;SEASHELLS;3874.0;15
203200;;;BANANAS;SEASHELLS;4817.0;1
203200;;;DIVING_GEAR;SEASHELLS;99806.0;2
203300;;;PEARLS;SEASHELLS;9998.0;1
203300;;;BANANAS;SEASHELLS;4815.0;1
203400;;;BANANAS;SEASHELLS;4815.0;11
203400;;;BANANAS;SEASHELLS;4815.0;1
203700;;;PEARLS;SEASHELLS;10002.0;1
203700;;;PEARLS;SEASHELLS;10004.0;1
203700;;;BANANAS;SEASHELLS;4822.0;1
203800;;;BERRIES;SEASHELLS;3874.0;14
204200;;;BANANAS;SEASHELLS;4819.0;2
204300;;;PEARLS;SEASHELLS;10005.0;6
204400;;;PEARLS;SEASHELLS;10004.0;6
204400;;;PEARLS;SEASHELLS;10004.0;2
204500;;;PEARLS;SEASHELLS;10002.0;4
204900;;;DIVING_GEAR;SEASHELLS;99813.0;3
205100;;;PEARLS;SEASHELLS;9998.0;1
205300;;;PEARLS;SEASHELLS;9996.0;1
205300;;;BANANAS;SEASHELLS;4817.0;1
205400;;;BANANAS;SEASHELLS;4816.0;1
205600;;;PEARLS;SEASHELLS;9998.0;1
205700;;;PEARLS;SEASHELLS;10005.0;1
205700;;;BANANAS;SEASHELLS;4822.0;1
205800;;;PEARLS;SEASHELLS;10002.0;1
206100;;;DIVING_GEAR;SEASHELLS;99813.0;2
206100;;;BANANAS;SEASHELLS;4821.0;1
206500;;;BANANAS;SEASHELLS;4822.0;1
206500;;;PEARLS;SEASHELLS;10004.0;1
206600;;;PINA_COLADAS;SEASHELLS;14918.0;24
206600;;;PEARLS;SEASHELLS;9998.0;1
206700;;;PEARLS;SEASHELLS;9998.0;3
206800;;;PINA_COLADAS;SEASHELLS;14919.0;12
206800;;;BANANAS;SEASHELLS;4820.0;1
206900;;;PEARLS;SEASHELLS;9998.0;1
207000;;;PINA_COLADAS;SEASHELLS;14918.0;4
207100;;;BANANAS;SEASHELLS;4815.0;2
207100;;;BANANAS;SEASHELLS;4820.0;1
207100;;;PEARLS;SEASHELLS;9996.0;2
207300;;;PEARLS;SEASHELLS;10002.0;1
207600;;;BERRIES;SEASHELLS;3866.0;1
207700;;;PEARLS;SEASHELLS;9996.0;1
207700;;;BANANAS;SEASHELLS;4816.0;1
207800;;;PEARLS;SEASHELLS;9998.0;1
208100;;;BANANAS;SEASHELLS;4822.0;2
208100;;;BANANAS;SEASHELLS;4816.0;2
208300;;;BERRIES;SEASHELLS;3874.0;12
208600;;;BANANAS;SEASHELLS;4819.0;2
208600;;;PEARLS;SEASHELLS;10002.0;2
209000;;;BERRIES;SEASHELLS;3868.0;14
209300;;;PEARLS;SEASHELLS;9996.0;1
209500;;;PEARLS;SEASHELLS;9998.0;1
209500;;;BERRIES;SEASHELLS;3874.0;12
209500;;;BANANAS;SEASHELLS;4814.0;1
210100;;;BANANAS;SEASHELLS;4820.0;10
210100;;;PEARLS;SEASHELLS;9998.0;1
210300;;;PEARLS;SEASHELLS;10002.0;8
210300;;;PEARLS;SEASHELLS;10002.0;3
210300;;;BANANAS;SEASHELLS;4818.0;8
210300;;;BANANAS;SEASHELLS;4818.0;3
210400;;;BERRIES;SEASHELLS;3874.0;5
210500;;;DIVING_GEAR;SEASHELLS;99935.0;3
210600;;;PEARLS;SEASHELLS;10002.0;7
210700;;;BANANAS;SEASHELLS;4821.0;1
210700;;;PEARLS;SEASHELLS;10000.0;1
210800;;;DIVING_GEAR;SEASHELLS;99936.0;1
210900;;;BANANAS;SEASHELLS;4819.0;1
211100;;;BANANAS;SEASHELLS;4821.0;3
211100;;;BANANAS;SEASHELLS;4814.0;1
211100;;;PINA_COLADAS;SEASHELLS;14908.0;2
211200;;;BANANAS;SEASHELLS;4815.0;2
211200;;;PEARLS;SEASHELLS;9998.0;2
211300;;;COCONUTS;SEASHELLS;7927.0;10
211500;;;BANANAS;SEASHELLS;4819.0;1
211500;;;PEARLS;SEASHELLS;9998.0;1
211700;;;DIVING_GEAR;SEASHELLS;99915.0;3
211700;;;BANANAS;SEASHELLS;4813.0;1
211800;;;BANANAS;SEASHELLS;4818.0;1
211900;;;BANANAS;SEASHELLS;4813.0;18
211900;;;BERRIES;SEASHELLS;3875.0;11
212000;;;PEARLS;SEASHELLS;9998.0;1
212200;;;BERRIES;SEASHELLS;3870.0;1
212300;;;PEARLS;SEASHELLS;9998.0;1
212300;;;BANANAS;SEASHELLS;4814.0;1
212500;;;BANANAS;SEASHELLS;4819.0;1
212800;;;COCONUTS;SEASHELLS;7923.0;73
212800;;;DIVING_GEAR;SEASHELLS;99922.0;2
212900;;;BANANAS;SEASHELLS;4813.0;1
213100;;;PEARLS;SEASHELLS;9996.0;1
213100;;;BANANAS;SEASHELLS;4813.0;1
213200;;;COCONUTS;SEASHELLS;7924.0;21
213200;;;BANANAS;SEASHELLS;4817.0;1
213200;;;BANANAS;SEASHELLS;4817.0;1
213400;;;PEARLS;SEASHELLS;9998.0;1
213500;;;PEARLS;SEASHELLS;10002.0;2
213600;;;BANANAS;SEASHELLS;4813.0;1
213800;;;PINA_COLADAS;SEASHELLS;14909.0;7
213900;;;BANANAS;SEASHELLS;4819.0;1
213900;;;COCONUTS;SEASHELLS;7927.0;13
213900;;;PEARLS;SEASHELLS;9998.0;1
214100;;;BANANAS;SEASHELLS;4818.0;1
214400;;;COCONUTS;SEASHELLS;7923.0;30
215300;;;BERRIES;SEASHELLS;3874.0;1
215400;;;PINA_COLADAS;SEASHELLS;14913.0;2
215500;;;DIVING_GEAR;SEASHELLS;99946.0;3
216100;;;PINA_COLADAS;SEASHELLS;14910.0;6
216300;;;PEARLS;SEASHELLS;10002.0;3
216500;;;COCONUTS;SEASHELLS;7922.0;72
216600;;;BANANAS;SEASHELLS;4812.0;1
216700;;;DIVING_GEAR;SEASHELLS;99958.0;2
217300;;;DIVING_GEAR;SEASHELLS;99978.0;3
217400;;;BANANAS;SEASHELLS;4812.0;1
217500;;;PEARLS;SEASHELLS;10004.0;2
217500;;;PEARLS;SEASHELLS;10004.0;1
217600;;;PEARLS;SEASHELLS;10004.0;1
217600;;;BANANAS;SEASHELLS;4814.0;1
217700;;;BANANAS;SEASHELLS;4812.0;1
217900;;;DIVING_GEAR;SEASHELLS;99971.0;1
218100;;;BANANAS;SEASHELLS;4813.0;1
218600;;;PEARLS;SEASHELLS;9998.0;3
218600;;;COCONUTS;SEASHELLS;7920.0;66
218700;;;DIVING_GEAR;SEASHELLS;99977.0;2
218900;;;BANANAS;SEASHELLS;4814.0;2
219000;;;PEARLS;SEASHELLS;10005.0;1
219000;;;BANANAS;SEASHELLS;4814.0;1
219000;;;PEARLS;SEASHELLS;10002.0;9
219400;;;BANANAS;SEASHELLS;4815.0;1
219500;;;BANANAS;SEASHELLS;4811.0;2
220100;;;PEARLS;SEASHELLS;10002.0;1
220400;;;BANANAS;SEASHELLS;4816.0;12
220500;;;PEARLS;SEASHELLS;10004.0;2
220500;;;PEARLS;SEASHELLS;10004.0;8
220500;;;BANANAS;SEASHELLS;4816.0;2
220500;;;DIVING_GEAR;SEASHELLS;99966.0;1
220600;;;BERRIES;SEASHELLS;3878.0;2
220800;;;BANANAS;SEASHELLS;4809.0;12
220900;;;BANANAS;SEASHELLS;4814.0;1
221200;;;PEARLS;SEASHELLS;9995.0;6
221300;;;PEARLS;SEASHELLS;10004.0;1
221300;;;BANANAS;SEASHELLS;4817.0;1
221400;;;PEARLS;SEASHELLS;10002.0;1
221800;;;BANANAS;SEASHELLS;4814.0;1
221800;;;PEARLS;SEASHELLS;10002.0;1
221900;;;BANANAS;SEASHELLS;4809.0;1
222400;;;BANANAS;SEASHELLS;4808.0;1
222500;;;PEARLS;SEASHELLS;10002.0;1
222500;;;PEARLS;SEASHELLS;10002.0;2
222500;;;BANANAS;SEASHELLS;4808.0;2
222700;;;BANANAS;SEASHELLS;4809.0;1
222900;;;PEARLS;SEASHELLS;10002.0;1
222900;;;BERRIES;SEASHELLS;3879.0;7
223000;;;BANANAS;SEASHELLS;4810.0;3
223000;;;BANANAS;SEASHELLS;4810.0;8
223100;;;BANANAS;SEASHELLS;4810.0;1
223300;;;BANANAS;SEASHELLS;4810.0;1
223400;;;PEARLS;SEASHELLS;10002.0;2
223400;;;BANANAS;SEASHELLS;4814.0;2
223500;;;PINA_COLADAS;SEASHELLS;14872.0;13
223700;;;BANANAS;SEASHELLS;4809.0;1
223700;;;PEARLS;SEASHELLS;10004.0;5
223700;;;PEARLS;SEASHELLS;10004.0;1
223700;;;BANANAS;SEASHELLS;4810.0;1
223700;;;PEARLS;SEASHELLS;10005.0;2
224100;;;PEARLS;SEASHELLS;10002.0;1
224200;;;PEARLS;SEASHELLS;10002.0;1
224500;;;BANANAS;SEASHELLS;4814.0;1
224600;;;PEARLS;SEASHELLS;10002.0;4
224900;;;DIVING_GEAR;SEASHELLS;100036.0;2
225000;;;BANANAS;SEASHELLS;4812.0;1
225000;;;BANANAS;SEASHELLS;4812.0;1
225200;;;PEARLS;SEASHELLS;10002.0;1
225300;;;PEARLS;SEASHELLS;9998.0;3
225400;;;PEARLS;SEASHELLS;9998.0;1
225400;;;BANANAS;SEASHELLS;4811.0;1
225400;;;BANANAS;SEASHELLS;4811.0;1
225600;;;COCONUTS;SEASHELLS;7924.0;21
225600;;;PEARLS;SEASHELLS;9998.0;1
225900;;;DIVING_GEAR;SEASHELLS;100036.0;3
226000;;;PINA_COLADAS;SEASHELLS;14886.0;29
226100;;;DIVING_GEAR;SEASHELLS;100026.0;1
226600;;;PEARLS;SEASHELLS;10004.0;8
226600;;;BERRIES;SEASHELLS;3873.0;3
226600;;;PEARLS;SEASHELLS;10004.0;1
226600;;;BERRIES;SEASHELLS;3873.0;1
226700;;;BERRIES;SEASHELLS;3870.0;10
226800;;;BANANAS;SEASHELLS;4810.0;1
226800;;;PEARLS;SEASHELLS;9998.0;1
227100;;;BERRIES;SEASHELLS;3877.0;1
227300;;;BANANAS;SEASHELLS;4809.0;1
227500;;;PEARLS;SEASHELLS;10002.0;1
227600;;;BANANAS;SEASHELLS;4813.0;13
227600;;;PEARLS;SEASHELLS;10002.0;1
227600;;;PEARLS;SEASHELLS;10002.0;4
227800;;;PEARLS;SEASHELLS;9996.0;2
227800;;;PEARLS;SEASHELLS;9996.0;1
227900;;;PEARLS;SEASHELLS;10002.0;1
228000;;;BERRIES;SEASHELLS;3873.0;3
228000;;;BANANAS;SEASHELLS;4809.0;3
228200;;;BANANAS;SEASHELLS;4814.0;1
228300;;;BERRIES;SEASHELLS;3878.0;4
228700;;;BANANAS;SEASHELLS;4814.0;3
228800;;;BANANAS;SEASHELLS;4811.0;1
228900;;;PEARLS;SEASHELLS;9995.0;2
229100;;;BANANAS;SEASHELLS;4811.0;3
229200;;;PEARLS;SEASHELLS;10002.0;1
229700;;;PEARLS;SEASHELLS;9996.0;1
229700;;;BANANAS;SEASHELLS;4808.0;1
229900;;;PEARLS;SEASHELLS;9998.0;1
230000;;;BANANAS;SEASHELLS;4808.0;1
230200;;;PEARLS;SEASHELLS;9996.0;1
230200;;;BANANAS;SEASHELLS;4807.0;1
230300;;;PEARLS;SEASHELLS;10002.0;1
230400;;;PEARLS;SEASHELLS;9998.0;1
230600;;;BANANAS;SEASHELLS;4812.0;1
230800;;;BANANAS;SEASHELLS;4808.0;1
231200;;;BANANAS;SEASHELLS;4813.0;1
231200;;;PEARLS;SEASHELLS;10005.0;1
231500;;;BANANAS;SEASHELLS;4806.0;12
232400;;;DIVING_GEAR;SEASHELLS;100069.0;1
232500;;;BERRIES;SEASHELLS;3875.0;13
232700;;;BANANAS;SEASHELLS;4805.0;1
232700;;;PEARLS;SEASHELLS;10004.0;1
232900;;;COCONUTS;SEASHELLS;7914.0;9
233000;;;DIVING_GEAR;SEASHELLS;100069.0;1
233000;;;BANANAS;SEASHELLS;4812.0;1
233000;;;BANANAS;SEASHELLS;4813.0;18
233100;;;BANANAS;SEASHELLS;4813.0;11
233500;;;BANANAS;SEASHELLS;4811.0;1
233500;;;BERRIES;SEASHELLS;3865.0;10
233600;;;DIVING_GEAR;SEASHELLS;100058.0;3
233700;;;PEARLS;SEASHELLS;9998.0;1
233900;;;COCONUTS;SEASHELLS;7913.0;8
234000;;;DIVING_GEAR;SEASHELLS;100020.0;2
234000;;;BANANAS;SEASHELLS;4810.0;10
234100;;;BANANAS;SEASHELLS;4810.0;2
234100;;;PEARLS;SEASHELLS;10005.0;2
234300;;;PEARLS;SEASHELLS;10004.0;1
234300;;;BANANAS;SEASHELLS;4809.0;1
234400;;;PEARLS;SEASHELLS;9998.0;1
234600;;;BANANAS;SEASHELLS;4803.0;1
234800;;;COCONUTS;SEASHELLS;7916.0;8
235000;;;PEARLS;SEASHELLS;10005.0;2
235000;;;BANANAS;SEASHELLS;4802.0;9
235000;;;BANANAS;SEASHELLS;4809.0;2
235300;;;PEARLS;SEASHELLS;9998.0;1
235400;;;BANANAS;SEASHELLS;4809.0;1
235400;;;PEARLS;SEASHELLS;10004.0;1
235700;;;PEARLS;SEASHELLS;9998.0;4
235700;;;BANANAS;SEASHELLS;4804.0;8
235800;;;BANANAS;SEASHELLS;4807.0;1
235900;;;DIVING_GEAR;SEASHELLS;99970.0;1
235900;;;PEARLS;SEASHELLS;10002.0;1
236000;;;PEARLS;SEASHELLS;10002.0;1
236100;;;BANANAS;SEASHELLS;4803.0;1
236100;;;PEARLS;SEASHELLS;10002.0;1
236200;;;BERRIES;SEASHELLS;3865.0;10
236300;;;BANANAS;SEASHELLS;4803.0;1
236700;;;PEARLS;SEASHELLS;10004.0;2
237400;;;BANANAS;SEASHELLS;4804.0;5
237500;;;PEARLS;SEASHELLS;10005.0;1
237500;;;BANANAS;SEASHELLS;4810.0;1
237600;;;COCONUTS;SEASHELLS;7918.0;6
237900;;;BANANAS;SEASHELLS;4805.0;4
238000;;;PINA_COLADAS;SEASHELLS;14898.0;27
238200;;;BERRIES;SEASHELLS;3862.0;11
238300;;;PEARLS;SEASHELLS;10000.0;2
238300;;;BANANAS;SEASHELLS;4806.0;2
238500;;;PEARLS;SEASHELLS;10002.0;1
238600;;;PEARLS;SEASHELLS;9998.0;2
238900;;;BANANAS;SEASHELLS;4804.0;1
238900;;;PEARLS;SEASHELLS;9998.0;1
239600;;;PEARLS;SEASHELLS;10002.0;1
239900;;;DIVING_GEAR;SEASHELLS;99987.0;3
240100;;;BERRIES;SEASHELLS;3869.0;4
240100;;;COCONUTS;SEASHELLS;7919.0;10
240300;;;BANANAS;SEASHELLS;4804.0;1
241300;;;BANANAS;SEASHELLS;4811.0;1
241300;;;PEARLS;SEASHELLS;10004.0;1
241400;;;COCONUTS;SEASHELLS;7920.0;51
241700;;;BANANAS;SEASHELLS;4811.0;12
241700;;;BERRIES;SEASHELLS;3863.0;14
241800;;;DIVING_GEAR;SEASHELLS;99969.0;2
241900;;;BANANAS;SEASHELLS;4805.0;1
242100;;;BANANAS;SEASHELLS;4811.0;18
242100;;;COCONUTS;SEASHELLS;7921.0;12
242300;;;COCONUTS;SEASHELLS;7919.0;7
242600;;;COCONUTS;SEASHELLS;7918.0;61
242600;;;COCONUTS;SEASHELLS;7918.0;13
242700;;;BERRIES;SEASHELLS;3863.0;15
242800;;;PINA_COLADAS;SEASHELLS;14909.0;2
242900;;;BERRIES;SEASHELLS;3869.0;10
243000;;;BANANAS;SEASHELLS;4813.0;8
243000;;;BANANAS;SEASHELLS;4807.0;4
243000;;;BANANAS;SEASHELLS;4813.0;2
243000;;;PEARLS;SEASHELLS;10004.0;1
243000;;;BANANAS;SEASHELLS;4807.0;1
243200;;;PINA_COLADAS;SEASHELLS;14911.0;21
243200;;;BANANAS;SEASHELLS;4808.0;1
243300;;;BANANAS;SEASHELLS;4813.0;4
243900;;;BANANAS;SEASHELLS;4804.0;2
243900;;;PEARLS;SEASHELLS;9995.0;2
244200;;;COCONUTS;SEASHELLS;7927.0;5
244300;;;PEARLS;SEASHELLS;9998.0;3
244400;;;PEARLS;SEASHELLS;10002.0;3
244500;;;BANANAS;SEASHELLS;4811.0;1
244900;;;BANANAS;SEASHELLS;4807.0;1
244900;;;PEARLS;SEASHELLS;10004.0;1
245000;;;PEARLS;SEASHELLS;9998.0;1
245100;;;BANANAS;SEASHELLS;4806.0;2
245100;;;BANANAS;SEASHELLS;4806.0;12
245300;;;PEARLS;SEASHELLS;9996.0;1
245300;;;PEARLS;SEASHELLS;9996.0;1
245300;;;BANANAS;SEASHELLS;4806.0;2
245500;;;PEARLS;SEASHELLS;10002.0;1
245500;;;BANANAS;SEASHELLS;4807.0;10
245600;;;PEARLS;SEASHELLS;10002.0;1
245900;;;BERRIES;SEASHELLS;3862.0;12
246000;;;PEARLS;SEASHELLS;9996.0;3
246000;;;PEARLS;SEASHELLS;9996.0;2
246100;;;PEARLS;SEASHELLS;10005.0;2
246100;;;BANANAS;SEASHELLS;4814.0;2
246100;;;PINA_COLADAS;SEASHELLS;14899.0;7
246600;;;PEARLS;SEASHELLS;10002.0;4
246600;;;BANANAS;SEASHELLS;4816.0;17
247200;;;COCONUTS;SEASHELLS;7923.0;71
247400;;;BERRIES;SEASHELLS;3867.0;7
247600;;;BANANAS;SEASHELLS;4814.0;1
247900;;;BERRIES;SEASHELLS;3867.0;6
248000;;;PINA_COLADAS;SEASHELLS;14904.0;5
248400;;;PEARLS;SEASHELLS;9998.0;1
248400;;;DIVING_GEAR;SEASHELLS;100038.0;1
248400;;;BERRIES;SEASHELLS;3869.0;14
248800;;;BANANAS;SEASHELLS;4809.0;2
248800;;;PEARLS;SEASHELLS;9995.0;2
249200;;;BANANAS;SEASHELLS;4810.0;2
249200;;;COCONUTS;SEASHELLS;7924.0;5
249200;;;PEARLS;SEASHELLS;10002.0;1
249300;;;BANANAS;SEASHELLS;4809.0;1
249500;;;BANANAS;SEASHELLS;4809.0;1
249600;;;DIVING_GEAR;SEASHELLS;100075.0;2
249600;;;PEARLS;SEASHELLS;10002.0;2
249600;;;BANANAS;SEASHELLS;4814.0;2
249700;;;PEARLS;SEASHELLS;10002.0;1
249900;;;BANANAS;SEASHELLS;4815.0;1
249900;;;PEARLS;SEASHELLS;9995.0;1
250100;;;BANANAS;SEASHELLS;4810.0;1
250400;;;COCONUTS;SEASHELLS;7919.0;25
250400;;;BANANAS;SEASHELLS;4811.0;1
250400;;;COCONUTS;SEASHELLS;7919.0;40
250400;;;DIVING_GEAR;SEASHELLS;100101.0;1
250700;;;PINA_COLADAS;SEASHELLS;14884.0;26
250700;;;COCONUTS;SEASHELLS;7918.0;25
250900;;;BANANAS;SEASHELLS;4816.0;11
251000;;;PEARLS;SEASHELLS;10002.0;1
251200;;;BANANAS;SEASHELLS;4818.0;7
251200;;;BANANAS;SEASHELLS;4818.0;5
251300;;;BANANAS;SEASHELLS;4819.0;1
251400;;;BANANAS;SEASHELLS;4813.0;1
251600;;;BANANAS;SEASHELLS;4819.0;1
252000;;;PINA_COLADAS;SEASHELLS;14888.0;5
252300;;;BERRIES;SEASHELLS;3866.0;2
252500;;;PEARLS;SEASHELLS;9998.0;1
252600;;;PEARLS;SEASHELLS;9995.0;1
252600;;;COCONUTS;SEASHELLS;7913.0;9
252600;;;BANANAS;SEASHELLS;4813.0;1
253000;;;PEARLS;SEASHELLS;10002.0;1
253300;;;DIVING_GEAR;SEASHELLS;100085.0;1
253300;;;BANANAS;SEASHELLS;4815.0;5
253300;;;BANANAS;SEASHELLS;4815.0;2
253300;;;BANANAS;SEASHELLS;4815.0;8
253400;;;PEARLS;SEASHELLS;10000.0;5
253500;;;BANANAS;SEASHELLS;4815.0;1
253800;;;PEARLS;SEASHELLS;10002.0;3
253800;;;BANANAS;SEASHELLS;4816.0;4
254000;;;PEARLS;SEASHELLS;9998.0;2
254100;;;DIVING_GEAR;SEASHELLS;100096.0;1
254200;;;BANANAS;SEASHELLS;4820.0;1
254200;;;PEARLS;SEASHELLS;10002.0;1
254400;;;BANANAS;SEASHELLS;4816.0;3
254500;;;PEARLS;SEASHELLS;10002.0;1
254600;;;BERRIES;SEASHELLS;3867.0;5
254600;;;DIVING_GEAR;SEASHELLS;100090.0;1
254700;;;BANANAS;SEASHELLS;4821.0;2
254700;;;PEARLS;SEASHELLS;10002.0;2
254900;;;BANANAS;SEASHELLS;4818.0;1
254900;;;BANANAS;SEASHELLS;4818.0;4
254900;;;BERRIES;SEASHELLS;3861.0;1
255600;;;PINA_COLADAS;SEASHELLS;14867.0;24
255600;;;BANANAS;SEASHELLS;4817.0;2
255600;;;PEARLS;SEASHELLS;10002.0;2
255600;;;BANANAS;SEASHELLS;4817.0;1
255800;;;PEARLS;SEASHELLS;10002.0;1
256100;;;COCONUTS;SEASHELLS;7908.0;24
256100;;;PEARLS;SEASHELLS;10002.0;1
256200;;;BANANAS;SEASHELLS;4818.0;1
256500;;;DIVING_GEAR;SEASHELLS;100057.0;3
256600;;;PINA_COLADAS;SEASHELLS;14861.0;3
256900;;;BERRIES;SEASHELLS;3866.0;10
257100;;;BANANAS;SEASHELLS;4819.0;1
257100;;;BANANAS;SEASHELLS;4820.0;1
257100;;;PEARLS;SEASHELLS;9998.0;1
257400;;;PEARLS;SEASHELLS;10002.0;1
257500;;;PINA_COLADAS;SEASHELLS;14864.0;3
257500;;;COCONUTS;SEASHELLS;7907.0;8
257700;;;BANANAS;SEASHELLS;4825.0;1
257700;;;PEARLS;SEASHELLS;10004.0;1
258000;;;PEARLS;SEASHELLS;10002.0;2
258200;;;DIVING_GEAR;SEASHELLS;100071.0;1
258300;;;PEARLS;SEASHELLS;9998.0;1
258400;;;BANANAS;SEASHELLS;4819.0;1
258600;;;DIVING_GEAR;SEASHELLS;100070.0;2
258700;;;COCONUTS;SEASHELLS;7912.0;9
258800;;;DIVING_GEAR;SEASHELLS;100074.0;1
259300;;;PEARLS;SEASHELLS;9998.0;1
259800;;;BANANAS;SEASHELLS;4817.0;1
260000;;;COCONUTS;SEASHELLS;7913.0;9
260100;;;BANANAS;SEASHELLS;4820.0;6
260300;;;BANANAS;SEASHELLS;4823.0;1
260300;;;PEARLS;SEASHELLS;9998.0;1
260300;;;DIVING_GEAR;SEASHELLS;100070.0;1
260600;;;BANANAS;SEASHELLS;4818.0;1
260900;;;PINA_COLADAS;SEASHELLS;14878.0;32
260900;;;DIVING_GEAR;SEASHELLS;100061.0;3
261000;;;PEARLS;SEASHELLS;9998.0;1
261000;;;BANANAS;SEASHELLS;4822.0;1
261200;;;PEARLS;SEASHELLS;9995.0;4
261200;;;BANANAS;SEASHELLS;4819.0;2
261500;;;BANANAS;SEASHELLS;4823.0;1
261900;;;DIVING_GEAR;SEASHELLS;100075.0;1
262000;;;PEARLS;SEASHELLS;10002.0;5
262300;;;BANANAS;SEASHELLS;4817.0;7
262500;;;BERRIES;SEASHELLS;3857.0;16
262800;;;PEARLS;SEASHELLS;10002.0;1
262800;;;BANANAS;SEASHELLS;4822.0;1
263100;;;PEARLS;SEASHELLS;9998.0;1
263100;;;BERRIES;SEASHELLS;3856.0;11
263100;;;BANANAS;SEASHELLS;4823.0;1
263300;;;COCONUTS;SEASHELLS;7911.0;10
263400;;;BANANAS;SEASHELLS;4823.0;1
263500;;;BANANAS;SEASHELLS;4823.0;7
263500;;;PEARLS;SEASHELLS;9998.0;2
263500;;;BANANAS;SEASHELLS;4823.0;2
263500;;;COCONUTS;SEASHELLS;7912.0;12
263700;;;PINA_COLADAS;SEASHELLS;14878.0;3
264000;;;COCONUTS;SEASHELLS;7914.0;6
264100;;;DIVING_GEAR;SEASHELLS;100022.0;1
264100;;;PEARLS;SEASHELLS;10002.0;7
264100;;;BANANAS;SEASHELLS;4823.0;1
264300;;;PEARLS;SEASHELLS;10002.0;1
264300;;;BANANAS;SEASHELLS;4818.0;1
264400;;;PEARLS;SEASHELLS;9998.0;1
264700;;;BERRIES;SEASHELLS;3868.0;15
264800;;;BANANAS;SEASHELLS;4823.0;1
264800;;;PEARLS;SEASHELLS;10005.0;1
265100;;;BANANAS;SEASHELLS;4817.0;1
265100;;;BERRIES;SEASHELLS;3860.0;11
265200;;;PEARLS;SEASHELLS;9998.0;4
265200;;;PEARLS;SEASHELLS;9998.0;5
265400;;;PINA_COLADAS;SEASHELLS;14869.0;29
265500;;;BANANAS;SEASHELLS;4817.0;1
265500;;;BANANAS;SEASHELLS;4817.0;6
265700;;;PEARLS;SEASHELLS;10002.0;1
265800;;;BANANAS;SEASHELLS;4821.0;1
265900;;;PEARLS;SEASHELLS;10002.0;1
266400;;;BANANAS;SEASHELLS;4815.0;1
266400;;;COCONUTS;SEASHELLS;7904.0;51
266400;;;COCONUTS;SEASHELLS;7904.0;3
266600;;;BERRIES;SEASHELLS;3869.0;6
266700;;;BANANAS;SEASHELLS;4815.0;2
266700;;;BANANAS;SEASHELLS;4815.0;6
267200;;;BANANAS;SEASHELLS;4819.0;1
267800;;;DIVING_GEAR;SEASHELLS;99946.0;3
267800;;;COCONUTS;SEASHELLS;7906.0;10
268300;;;DIVING_GEAR;SEASHELLS;99930.0;2
268500;;;COCONUTS;SEASHELLS;7901.0;5
268600;;;BERRIES;SEASHELLS;3870.0;3
268700;;;PEARLS;SEASHELLS;10005.0;9
268800;;;BANANAS;SEASHELLS;4821.0;1
268900;;;PINA_COLADAS;SEASHELLS;14856.0;3
269000;;;BANANAS;SEASHELLS;4823.0;6
269100;;;BANANAS;SEASHELLS;4821.0;2
269100;;;BANANAS;SEASHELLS;4817.0;1
269300;;;DIVING_GEAR;SEASHELLS;99927.0;3
269500;;;DIVING_GEAR;SEASHELLS;99936.0;3
269500;;;PINA_COLADAS;SEASHELLS;14849.0;5
269600;;;PEARLS;SEASHELLS;9998.0;1
270000;;;BANANAS;SEASHELLS;4818.0;8
270100;;;BANANAS;SEASHELLS;4818.0;6
270100;;;BANANAS;SEASHELLS;4818.0;3
270100;;;PINA_COLADAS;SEASHELLS;14848.0;2
270300;;;BANANAS;SEASHELLS;4819.0;20
270300;;;BANANAS;SEASHELLS;4819.0;1
270400;;;BANANAS;SEASHELLS;4824.0;7
270400;;;PEARLS;SEASHELLS;9998.0;1
270400;;;COCONUTS;SEASHELLS;7897.0;1
270400;;;COCONUTS;SEASHELLS;7897.0;64
270700;;;PEARLS;SEASHELLS;10002.0;1
270800;;;PEARLS;SEASHELLS;10004.0;2
270900;;;BANANAS;SEASHELLS;4821.0;1
270900;;;BANANAS;SEASHELLS;4821.0;1
271000;;;BERRIES;SEASHELLS;3869.0;2
271200;;;PEARLS;SEASHELLS;10002.0;1
271400;;;COCONUTS;SEASHELLS;7891.0;59
271400;;;COCONUTS;SEASHELLS;7891.0;16
271600;;;DIVING_GEAR;SEASHELLS;99952.0;2
271600;;;PEARLS;SEASHELLS;10002.0;3
271800;;;COCONUTS;SEASHELLS;7893.0;7
272200;;;COCONUTS;SEASHELLS;7893.0;42
272300;;;PINA_COLADAS;SEASHELLS;14845.0;4
272500;;;DIVING_GEAR;SEASHELLS;99987.0;1
272500;;;PEARLS;SEASHELLS;9998.0;1
272900;;;PEARLS;SEASHELLS;9996.0;1
272900;;;BANANAS;SEASHELLS;4822.0;1
273100;;;BANANAS;SEASHELLS;4824.0;2
273200;;;PEARLS;SEASHELLS;10002.0;1
273300;;;PEARLS;SEASHELLS;9995.0;1
273300;;;BANANAS;SEASHELLS;4823.0;1
273400;;;COCONUTS;SEASHELLS;7898.0;51
273900;;;BERRIES;SEASHELLS;3869.0;4
274100;;;BANANAS;SEASHELLS;4825.0;4
274200;;;BANANAS;SEASHELLS;4824.0;14
274200;;;BANANAS;SEASHELLS;4824.0;1
274400;;;PINA_COLADAS;SEASHELLS;14853.0;27
275000;;;PEARLS;SEASHELLS;10002.0;1
275200;;;PEARLS;SEASHELLS;10004.0;2
275400;;;PINA_COLADAS;SEASHELLS;14848.0;14
275400;;;PINA_COLADAS;SEASHELLS;14848.0;3
275500;;;BANANAS;SEASHELLS;4824.0;2
275700;;;PEARLS;SEASHELLS;9998.0;3
275800;;;PEARLS;SEASHELLS;10005.0;2
275800;;;BANANAS;SEASHELLS;4831.0;2
275800;;;PEARLS;SEASHELLS;9998.0;5
275900;;;PEARLS;SEASHELLS;9998.0;3
276000;;;DIVING_GEAR;SEASHELLS;99965.0;2
276300;;;BERRIES;SEASHELLS;3869.0;9
276300;;;BANANAS;SEASHELLS;4826.0;1
276400;;;BANANAS;SEASHELLS;4831.0;1
276900;;;PEARLS;SEASHELLS;9998.0;4
276900;;;BERRIES;SEASHELLS;3869.0;10
276900;;;BANANAS;SEASHELLS;4825.0;1
277200;;;PEARLS;SEASHELLS;9998.0;4
277500;;;BANANAS;SEASHELLS;4830.0;2
277600;;;PEARLS;SEASHELLS;9996.0;1
277800;;;BANANAS;SEASHELLS;4828.0;2
278200;;;BANANAS;SEASHELLS;4832.0;1
278300;;;DIVING_GEAR;SEASHELLS;99991.0;3
278300;;;PEARLS;SEASHELLS;10002.0;1
278500;;;BANANAS;SEASHELLS;4826.0;1
278600;;;BANANAS;SEASHELLS;4830.0;1
278900;;;PEARLS;SEASHELLS;10002.0;4
279000;;;DIVING_GEAR;SEASHELLS;99972.0;3
279100;;;DIVING_GEAR;SEASHELLS;99964.0;2
279100;;;PEARLS;SEASHELLS;9998.0;1
279200;;;BANANAS;SEASHELLS;4830.0;1
279400;;;PEARLS;SEASHELLS;9998.0;1
279400;;;BANANAS;SEASHELLS;4825.0;1
279400;;;BANANAS;SEASHELLS;4826.0;1
279500;;;BANANAS;SEASHELLS;4825.0;1
279800;;;BANANAS;SEASHELLS;4824.0;1
280000;;;BANANAS;SEASHELLS;4829.0;1
280100;;;BANANAS;SEASHELLS;4828.0;1
280700;;;PEARLS;SEASHELLS;9998.0;4
280800;;;BERRIES;SEASHELLS;3856.0;20
280900;;;BANANAS;SEASHELLS;4824.0;1
281000;;;BANANAS;SEASHELLS;4829.0;1
281100;;;PEARLS;SEASHELLS;9996.0;8
281100;;;BANANAS;SEASHELLS;4824.0;1
281100;;;PEARLS;SEASHELLS;9996.0;2
281200;;;BANANAS;SEASHELLS;4824.0;2
281300;;;PEARLS;SEASHELLS;10002.0;1
281400;;;DIVING_GEAR;SEASHELLS;99967.0;1
281500;;;DIVING_GEAR;SEASHELLS;99972.0;2
281800;;;PEARLS;SEASHELLS;9998.0;1
281800;;;PEARLS;SEASHELLS;9995.0;2
281800;;;BANANAS;SEASHELLS;4824.0;2
281900;;;BERRIES;SEASHELLS;3860.0;12
282300;;;BANANAS;SEASHELLS;4831.0;2
282300;;;PEARLS;SEASHELLS;10005.0;2
283000;;;BANANAS;SEASHELLS;4831.0;1
283300;;;DIVING_GEAR;SEASHELLS;99978.0;2
283400;;;COCONUTS;SEASHELLS;7893.0;59
283800;;;BANANAS;SEASHELLS;4831.0;8
283900;;;BANANAS;SEASHELLS;4827.0;1
284100;;;BERRIES;SEASHELLS;3853.0;10
284200;;;PINA_COLADAS;SEASHELLS;14833.0;29
284300;;;BANANAS;SEASHELLS;4827.0;1
284700;;;BANANAS;SEASHELLS;4827.0;1
284700;;;DIVING_GEAR;SEASHELLS;99973.0;1
285000;;;DIVING_GEAR;SEASHELLS;99962.0;2
285300;;;BERRIES;SEASHELLS;3859.0;13
285300;;;PEARLS;SEASHELLS;9998.0;1
285500;;;PEARLS;SEASHELLS;10002.0;3
285600;;;PEARLS;SEASHELLS;10002.0;1
285700;;;BANANAS;SEASHELLS;4832.0;1
285700;;;BANANAS;SEASHELLS;4833.0;7
285800;;;DIVING_GEAR;SEASHELLS;99958.0;3
286000;;;BERRIES;SEASHELLS;3858.0;12
286200;;;BANANAS;SEASHELLS;4826.0;1
286300;;;PEARLS;SEASHELLS;10004.0;1
286300;;;PEARLS;SEASHELLS;10004.0;7
286500;;;BANANAS;SEASHELLS;4833.0;12
286500;;;PEARLS;SEASHELLS;10002.0;1
286700;;;PEARLS;SEASHELLS;10002.0;1
286900;;;DIVING_GEAR;SEASHELLS;99957.0;3
287200;;;PEARLS;SEASHELLS;10002.0;5
287400;;;BANANAS;SEASHELLS;4832.0;1
287500;;;BANANAS;SEASHELLS;4827.0;1
287500;;;DIVING_GEAR;SEASHELLS;99938.0;3
287500;;;PEARLS;SEASHELLS;9998.0;1
287600;;;COCONUTS;SEASHELLS;7894.0;10
287600;;;BERRIES;SEASHELLS;3860.0;3
287600;;;BANANAS;SEASHELLS;4831.0;1
287600;;;PEARLS;SEASHELLS;9995.0;8
287900;;;BANANAS;SEASHELLS;4827.0;1
288600;;;DIVING_GEAR;SEASHELLS;99963.0;2
288700;;;BANANAS;SEASHELLS;4825.0;11
288900;;;PEARLS;SEASHELLS;9998.0;1
289000;;;PEARLS;SEASHELLS;9998.0;1
289000;;;BANANAS;SEASHELLS;4832.0;7
289400;;;BANANAS;SEASHELLS;4825.0;1
289600;;;BANANAS;SEASHELLS;4830.0;1
289700;;;PEARLS;SEASHELLS;10005.0;11
289800;;;PEARLS;SEASHELLS;10002.0;3
289800;;;PEARLS;SEASHELLS;10002.0;1
290000;;;PINA_COLADAS;SEASHELLS;14828.0;5
290200;;;DIVING_GEAR;SEASHELLS;99958.0;3
290300;;;DIVING_GEAR;SEASHELLS;99953.0;1
290400;;;BANANAS;SEASHELLS;4831.0;6
290700;;;PINA_COLADAS;SEASHELLS;14827.0;2
290800;;;BANANAS;SEASHELLS;4828.0;1
290800;;;PEARLS;SEASHELLS;9996.0;1
291300;;;COCONUTS;SEASHELLS;7901.0;7
292300;;;PEARLS;SEASHELLS;10002.0;2
292300;;;BANANAS;SEASHELLS;4829.0;1
292400;;;PEARLS;SEASHELLS;9998.0;4
292400;;;BANANAS;SEASHELLS;4834.0;1
292600;;;BANANAS;SEASHELLS;4834.0;8
292700;;;BANANAS;SEASHELLS;4834.0;2
292700;;;DIVING_GEAR;SEASHELLS;99977.0;2
292700;;;PEARLS;SEASHELLS;10004.0;1
292800;;;PEARLS;SEASHELLS;9996.0;1
293000;;;DIVING_GEAR;SEASHELLS;99961.0;1
293300;;;BANANAS;SEASHELLS;4828.0;12
293600;;;BANANAS;SEASHELLS;4835.0;1
293600;;;PEARLS;SEASHELLS;10004.0;1
293900;;;PEARLS;SEASHELLS;9998.0;1
294100;;;PEARLS;SEASHELLS;9998.0;1
294100;;;BANANAS;SEASHELLS;4829.0;1
294100;;;DIVING_GEAR;SEASHELLS;99958.0;1
294500;;;PEARLS;SEASHELLS;9996.0;1
294500;;;BANANAS;SEASHELLS;4829.0;1
294600;;;PEARLS;SEASHELLS;9998.0;1
294600;;;BANANAS;SEASHELLS;4830.0;1
294700;;;COCONUTS;SEASHELLS;7906.0;9
294700;;;PEARLS;SEASHELLS;9996.0;4
294700;;;PEARLS;SEASHELLS;9996.0;2
294800;;;DIVING_GEAR;SEASHELLS;99933.0;1
294900;;;BERRIES;SEASHELLS;3851.0;1
295200;;;BANANAS;SEASHELLS;4836.0;2
295200;;;BANANAS;SEASHELLS;4835.0;1
295200;;;PEARLS;SEASHELLS;10004.0;1
295200;;;PEARLS;SEASHELLS;10004.0;1
295400;;;BANANAS;SEASHELLS;4836.0;2
295400;;;PEARLS;SEASHELLS;10004.0;1
295800;;;BANANAS;SEASHELLS;4831.0;14
295800;;;BANANAS;SEASHELLS;4836.0;1
295900;;;PEARLS;SEASHELLS;10002.0;1
296000;;;PEARLS;SEASHELLS;10002.0;1
296000;;;BANANAS;SEASHELLS;4836.0;1
296100;;;BANANAS;SEASHELLS;4832.0;1
296300;;;BERRIES;SEASHELLS;3858.0;2
296700;;;BANANAS;SEASHELLS;4837.0;1
296800;;;BANANAS;SEASHELLS;4833.0;1
296900;;;BANANAS;SEASHELLS;4833.0;17
297000;;;COCONUTS;SEASHELLS;7908.0;61
297100;;;PEARLS;SEASHELLS;10002.0;2
297100;;;BANANAS;SEASHELLS;4837.0;2
297200;;;PINA_COLADAS;SEASHELLS;14855.0;2
297200;;;BANANAS;SEASHELLS;4837.0;5
297400;;;COCONUTS;SEASHELLS;7907.0;54
297400;;;COCONUTS;SEASHELLS;7907.0;2
298100;;;BANANAS;SEASHELLS;4832.0;1
298400;;;PEARLS;SEASHELLS;10002.0;2
298500;;;DIVING_GEAR;SEASHELLS;99888.0;1
298500;;;BANANAS;SEASHELLS;4835.0;1
298600;;;BANANAS;SEASHELLS;4831.0;1
298600;;;DIVING_GEAR;SEASHELLS;99881.0;2
298700;;;PEARLS;SEASHELLS;9996.0;1
298700;;;BANANAS;SEASHELLS;4833.0;1
298800;;;BANANAS;SEASHELLS;4832.0;4
298800;;;BANANAS;SEASHELLS;4835.0;9
298900;;;PEARLS;SEASHELLS;9998.0;1
298900;;;BANANAS;SEASHELLS;4833.0;1
298900;;;BANANAS;SEASHELLS;4831.0;1
299300;;;BANANAS;SEASHELLS;4838.0;1
299700;;;PEARLS;SEASHELLS;9996.0;1
299700;;;BANANAS;SEASHELLS;4833.0;1
299800;;;BANANAS;SEASHELLS;4837.0;1
299800;;;PEARLS;SEASHELLS;10004.0;1
299800;;;BANANAS;SEASHELLS;4837.0;2
299900;;;PINA_COLADAS;SEASHELLS;14852.0;20
300200;;;BANANAS;SEASHELLS;4834.0;1
300500;;;COCONUTS;SEASHELLS;7908.0;5
300600;;;PEARLS;SEASHELLS;9998.0;1
300600;;;PINA_COLADAS;SEASHELLS;14851.0;29
300700;;;COCONUTS;SEASHELLS;7906.0;14
301000;;;BANANAS;SEASHELLS;4833.0;1
301000;;;PEARLS;SEASHELLS;9996.0;2
301000;;;PEARLS;SEASHELLS;9996.0;2
301100;;;PEARLS;SEASHELLS;10004.0;2
301100;;;BANANAS;SEASHELLS;4833.0;5
301100;;;BANANAS;SEASHELLS;4839.0;2
301200;;;BANANAS;SEASHELLS;4832.0;2
301200;;;PEARLS;SEASHELLS;9996.0;1
301300;;;BERRIES;SEASHELLS;3850.0;15
301300;;;PEARLS;SEASHELLS;10005.0;7
301300;;;DIVING_GEAR;SEASHELLS;99847.0;3
301600;;;BANANAS;SEASHELLS;4832.0;2
301600;;;PEARLS;SEASHELLS;9996.0;1
301600;;;PEARLS;SEASHELLS;9996.0;1
301800;;;BANANAS;SEASHELLS;4834.0;2
301800;;;BANANAS;SEASHELLS;4837.0;1
302400;;;PEARLS;SEASHELLS;9998.0;3
302700;;;DIVING_GEAR;SEASHELLS;99836.0;2
303100;;;PEARLS;SEASHELLS;9998.0;3
303100;;;BERRIES;SEASHELLS;3850.0;14
303600;;;PINA_COLADAS;SEASHELLS;14841.0;28
303700;;;BANANAS;SEASHELLS;4833.0;6
303800;;;PEARLS;SEASHELLS;10004.0;2
303800;;;BANANAS;SEASHELLS;4837.0;2
304100;;;PEARLS;SEASHELLS;10002.0;1
304400;;;BERRIES;SEASHELLS;3856.0;10
304400;;;PEARLS;SEASHELLS;9996.0;1
304400;;;BANANAS;SEASHELLS;4836.0;1
304500;;;PEARLS;SEASHELLS;10004.0;1
304500;;;PEARLS;SEASHELLS;10004.0;1
304500;;;BANANAS;SEASHELLS;4837.0;2
304600;;;BANANAS;SEASHELLS;4831.0;1
304700;;;BERRIES;SEASHELLS;3851.0;18
305000;;;PEARLS;SEASHELLS;9998.0;1
305100;;;PEARLS;SEASHELLS;9998.0;1
305100;;;BANANAS;SEASHELLS;4835.0;2
305100;;;PEARLS;SEASHELLS;9998.0;2
305200;;;BANANAS;SEASHELLS;4835.0;1
305300;;;BERRIES;SEASHELLS;3850.0;5
305300;;;BANANAS;SEASHELLS;4830.0;1
305400;;;BANANAS;SEASHELLS;4835.0;1
305400;;;BANANAS;SEASHELLS;4835.0;1
305600;;;BANANAS;SEASHELLS;4830.0;1
305700;;;BANANAS;SEASHELLS;4830.0;1
305700;;;DIVING_GEAR;SEASHELLS;99815.0;3
305800;;;BANANAS;SEASHELLS;4830.0;16
305900;;;BERRIES;SEASHELLS;3853.0;1
306100;;;PEARLS;SEASHELLS;9998.0;1
306200;;;BERRIES;SEASHELLS;3857.0;17
306200;;;BERRIES;SEASHELLS;3858.0;11
306300;;;BANANAS;SEASHELLS;4834.0;9
306300;;;BANANAS;SEASHELLS;4834.0;1
306300;;;PEARLS;SEASHELLS;9996.0;1
306500;;;PEARLS;SEASHELLS;9998.0;1
306500;;;BANANAS;SEASHELLS;4830.0;6
306500;;;BANANAS;SEASHELLS;4830.0;7
306700;;;BANANAS;SEASHELLS;4834.0;1
306700;;;COCONUTS;SEASHELLS;7908.0;5
306800;;;DIVING_GEAR;SEASHELLS;99812.0;2
306900;;;PEARLS;SEASHELLS;9998.0;2
307000;;;BERRIES;SEASHELLS;3856.0;6
307000;;;PEARLS;SEASHELLS;10002.0;1
307300;;;BANANAS;SEASHELLS;4831.0;1
307300;;;PEARLS;SEASHELLS;10002.0;2
307400;;;BERRIES;SEASHELLS;3855.0;3
308600;;;BERRIES;SEASHELLS;3855.0;10
308600;;;PEARLS;SEASHELLS;10005.0;2
308600;;;BANANAS;SEASHELLS;4836.0;2
308600;;;BANANAS;SEASHELLS;4836.0;14
308700;;;DIVING_GEAR;SEASHELLS;99827.0;1
309100;;;PEARLS;SEASHELLS;10005.0;8
309500;;;PINA_COLADAS;SEASHELLS;14834.0;15
309500;;;PEARLS;SEASHELLS;9998.0;1
309800;;;BANANAS;SEASHELLS;4828.0;1
310400;;;PEARLS;SEASHELLS;9995.0;5
310500;;;BERRIES;SEASHELLS;3850.0;12
310500;;;PEARLS;SEASHELLS;10002.0;3
310500;;;BERRIES;SEASHELLS;3849.0;9
311000;;;DIVING_GEAR;SEASHELLS;99848.0;2
311000;;;BERRIES;SEASHELLS;3857.0;8
311200;;;PEARLS;SEASHELLS;10004.0;2
311200;;;BANANAS;SEASHELLS;4835.0;2
311400;;;DIVING_GEAR;SEASHELLS;99834.0;2
311400;;;BANANAS;SEASHELLS;4829.0;1
311500;;;PEARLS;SEASHELLS;10002.0;1
311500;;;BERRIES;SEASHELLS;3851.0;1
312100;;;BANANAS;SEASHELLS;4835.0;1
312100;;;PEARLS;SEASHELLS;10004.0;1
312300;;;PEARLS;SEASHELLS;10004.0;1
312300;;;DIVING_GEAR;SEASHELLS;99826.0;2
312300;;;PEARLS;SEASHELLS;10004.0;1
312300;;;PEARLS;SEASHELLS;10002.0;3
312700;;;BANANAS;SEASHELLS;4830.0;1
312800;;;COCONUTS;SEASHELLS;7911.0;10
313000;;;PEARLS;SEASHELLS;9998.0;1
314100;;;PEARLS;SEASHELLS;9998.0;1
314500;;;PEARLS;SEASHELLS;9998.0;2
314500;;;BANANAS;SEASHELLS;4829.0;2
314600;;;BANANAS;SEASHELLS;4833.0;7
314700;;;BANANAS;SEASHELLS;4833.0;1
314900;;;BANANAS;SEASHELLS;4833.0;1
314900;;;BANANAS;SEASHELLS;4832.0;1
314900;;;PEARLS;SEASHELLS;10002.0;2
315200;;;PEARLS;SEASHELLS;9995.0;2
315200;;;BANANAS;SEASHELLS;4828.0;2
315400;;;PEARLS;SEASHELLS;10004.0;6
315400;;;PEARLS;SEASHELLS;10004.0;1
315400;;;BANANAS;SEASHELLS;4829.0;1
315500;;;PEARLS;SEASHELLS;9998.0;4
315800;;;PEARLS;SEASHELLS;10002.0;1
316000;;;BANANAS;SEASHELLS;4833.0;1
316100;;;BERRIES;SEASHELLS;3864.0;19
316200;;;DIVING_GEAR;SEASHELLS;99840.0;1
316400;;;BANANAS;SEASHELLS;4828.0;1
316900;;;BANANAS;SEASHELLS;4828.0;1
317100;;;BANANAS;SEASHELLS;4833.0;4
317200;;;PEARLS;SEASHELLS;10002.0;6
317300;;;BANANAS;SEASHELLS;4829.0;1
317300;;;PEARLS;SEASHELLS;9998.0;3
317700;;;PEARLS;SEASHELLS;9998.0;1
317800;;;BERRIES;SEASHELLS;3858.0;15
317900;;;PEARLS;SEASHELLS;10002.0;1
318200;;;BANANAS;SEASHELLS;4833.0;1
318300;;;PEARLS;SEASHELLS;9998.0;1
318500;;;BERRIES;SEASHELLS;3866.0;9
318700;;;DIVING_GEAR;SEASHELLS;99857.0;3
318800;;;PEARLS;SEASHELLS;9998.0;1
318900;;;BANANAS;SEASHELLS;4829.0;1
318900;;;DIVING_GEAR;SEASHELLS;99849.0;1
319000;;;BERRIES;SEASHELLS;3861.0;2
319100;;;DIVING_GEAR;SEASHELLS;99852.0;3
319100;;;BANANAS;SEASHELLS;4828.0;16
319300;;;PEARLS;SEASHELLS;9998.0;5
319300;;;PEARLS;SEASHELLS;9998.0;1
319400;;;BANANAS;SEASHELLS;4834.0;12
319500;;;DIVING_GEAR;SEASHELLS;99834.0;3
319600;;;PEARLS;SEASHELLS;9998.0;1
319600;;;BANANAS;SEASHELLS;4828.0;1
319800;;;PEARLS;SEASHELLS;10002.0;1
319800;;;COCONUTS;SEASHELLS;7922.0;13
320000;;;PEARLS;SEASHELLS;10004.0;1
320000;;;PEARLS;SEASHELLS;10004.0;1
320000;;;BANANAS;SEASHELLS;4834.0;2
320100;;;BANANAS;SEASHELLS;4831.0;4
320300;;;PEARLS;SEASHELLS;9998.0;1
320300;;;BERRIES;SEASHELLS;3860.0;6
320600;;;BANANAS;SEASHELLS;4828.0;1
320600;;;PEARLS;SEASHELLS;9996.0;2
320600;;;BANANAS;SEASHELLS;4827.0;2
321000;;;BERRIES;SEASHELLS;3868.0;8
321000;;;PEARLS;SEASHELLS;9998.0;2
321100;;;PINA_COLADAS;SEASHELLS;14841.0;3
321400;;;BANANAS;SEASHELLS;4830.0;1
321600;;;BANANAS;SEASHELLS;4829.0;1
321600;;;PEARLS;SEASHELLS;10002.0;1
322000;;;COCONUTS;SEASHELLS;7922.0;49
322200;;;BANANAS;SEASHELLS;4829.0;1
322500;;;PEARLS;SEASHELLS;10004.0;1
322500;;;PEARLS;SEASHELLS;10005.0;2
322500;;;BANANAS;SEASHELLS;4831.0;1
322600;;;PINA_COLADAS;SEASHELLS;14839.0;24
323000;;;DIVING_GEAR;SEASHELLS;99865.0;2
323200;;;BERRIES;SEASHELLS;3868.0;9
323300;;;BANANAS;SEASHELLS;4828.0;1
323500;;;BANANAS;SEASHELLS;4835.0;4
323600;;;DIVING_GEAR;SEASHELLS;99874.0;2
323800;;;BANANAS;SEASHELLS;4829.0;1
323800;;;PEARLS;SEASHELLS;9996.0;1
323900;;;COCONUTS;SEASHELLS;7917.0;6
323900;;;PEARLS;SEASHELLS;9998.0;1
324200;;;PEARLS;SEASHELLS;9998.0;1
324300;;;BANANAS;SEASHELLS;4834.0;1
324400;;;BANANAS;SEASHELLS;4836.0;2
324400;;;PEARLS;SEASHELLS;10004.0;2
324500;;;PEARLS;SEASHELLS;9998.0;1
325000;;;BANANAS;SEASHELLS;4835.0;4
325100;;;BERRIES;SEASHELLS;3859.0;3
325100;;;BANANAS;SEASHELLS;4832.0;3
325200;;;PEARLS;SEASHELLS;10002.0;2
325200;;;PEARLS;SEASHELLS;10002.0;1
325200;;;PEARLS;SEASHELLS;10002.0;1
325600;;;DIVING_GEAR;SEASHELLS;99902.0;1
325600;;;PEARLS;SEASHELLS;10005.0;2
325900;;;BANANAS;SEASHELLS;4834.0;2
326500;;;BANANAS;SEASHELLS;4834.0;1
326600;;;PEARLS;SEASHELLS;9998.0;1
326700;;;PEARLS;SEASHELLS;10004.0;2
326700;;;PEARLS;SEASHELLS;10004.0;7
326900;;;PEARLS;SEASHELLS;9995.0;2
326900;;;BANANAS;SEASHELLS;4829.0;2
327100;;;BANANAS;SEASHELLS;4835.0;1
327300;;;BANANAS;SEASHELLS;4831.0;1
327400;;;PEARLS;SEASHELLS;9998.0;1
327600;;;PEARLS;SEASHELLS;9998.0;3
327700;;;PEARLS;SEASHELLS;9996.0;2
327900;;;BERRIES;SEASHELLS;3861.0;8
328000;;;BANANAS;SEASHELLS;4836.0;1
328300;;;PEARLS;SEASHELLS;9998.0;1
328500;;;PEARLS;SEASHELLS;9996.0;1
328500;;;BANANAS;SEASHELLS;4834.0;1
328700;;;BANANAS;SEASHELLS;4832.0;13
328900;;;BANANAS;SEASHELLS;4836.0;3
329400;;;DIVING_GEAR;SEASHELLS;99821.0;3
329600;;;BANANAS;SEASHELLS;4830.0;1
330000;;;PEARLS;SEASHELLS;10002.0;1
330100;;;DIVING_GEAR;SEASHELLS;99830.0;3
330300;;;BANANAS;SEASHELLS;4829.0;1
330700;;;PEARLS;SEASHELLS;10002.0;6
330800;;;PEARLS;SEASHELLS;9998.0;1
330900;;;PEARLS;SEASHELLS;10002.0;3
330900;;;BANANAS;SEASHELLS;4831.0;1
331000;;;PEARLS;SEASHELLS;10004.0;1
331000;;;BANANAS;SEASHELLS;4838.0;1
331200;;;PEARLS;SEASHELLS;10002.0;5
331300;;;PEARLS;SEASHELLS;9996.0;1
331300;;;PEARLS;SEASHELLS;9996.0;1
331300;;;BANANAS;SEASHELLS;4831.0;2
331600;;;PEARLS;SEASHELLS;10005.0;4
331900;;;BANANAS;SEASHELLS;4835.0;1
331900;;;PEARLS;SEASHELLS;10004.0;5
331900;;;PEARLS;SEASHELLS;10004.0;2
332000;;;BERRIES;SEASHELLS;3872.0;11
332100;;;PEARLS;SEASHELLS;9998.0;2
332100;;;BANANAS;SEASHELLS;4837.0;2
332100;;;BANANAS;SEASHELLS;4831.0;1
332100;;;PEARLS;SEASHELLS;9998.0;1
332200;;;COCONUTS;SEASHELLS;7922.0;55
332600;;;PINA_COLADAS;SEASHELLS;14853.0;1
332600;;;PINA_COLADAS;SEASHELLS;14853.0;22
332600;;;BANANAS;SEASHELLS;4836.0;1
332800;;;BANANAS;SEASHELLS;4832.0;1
332800;;;PEARLS;SEASHELLS;10002.0;4
333000;;;BANANAS;SEASHELLS;4837.0;18
333000;;;PEARLS;SEASHELLS;9998.0;2
333200;;;PEARLS;SEASHELLS;9998.0;1
333500;;;BANANAS;SEASHELLS;4830.0;13
333600;;;PEARLS;SEASHELLS;10004.0;2
333600;;;PEARLS;SEASHELLS;10004.0;7
333900;;;PINA_COLADAS;SEASHELLS;14857.0;3
334000;;;BANANAS;SEASHELLS;4830.0;1
334300;;;PINA_COLADAS;SEASHELLS;14859.0;32
334500;;;BANANAS;SEASHELLS;4830.0;1
334500;;;PEARLS;SEASHELLS;9995.0;6
334600;;;BANANAS;SEASHELLS;4830.0;2
334600;;;PEARLS;SEASHELLS;9995.0;2
334900;;;PEARLS;SEASHELLS;10002.0;1
335100;;;BANANAS;SEASHELLS;4835.0;1
335100;;;PEARLS;SEASHELLS;9998.0;5
335600;;;BANANAS;SEASHELLS;4832.0;2
335800;;;BANANAS;SEASHELLS;4835.0;1
336000;;;BANANAS;SEASHELLS;4831.0;5
336100;;;BANANAS;SEASHELLS;4831.0;2
336300;;;BANANAS;SEASHELLS;4833.0;2
336500;;;BANANAS;SEASHELLS;4834.0;1
336500;;;PEARLS;SEASHELLS;9998.0;1
336700;;;BANANAS;SEASHELLS;4835.0;15
337200;;;COCONUTS;SEASHELLS;7927.0;54
337200;;;PEARLS;SEASHELLS;10002.0;1
337200;;;BERRIES;SEASHELLS;3860.0;7
337300;;;BERRIES;SEASHELLS;3868.0;17
337600;;;PEARLS;SEASHELLS;10002.0;1
337700;;;BANANAS;SEASHELLS;4832.0;2
337700;;;PEARLS;SEASHELLS;9996.0;7
337700;;;PEARLS;SEASHELLS;9996.0;1
337800;;;BANANAS;SEASHELLS;4829.0;2
337800;;;BANANAS;SEASHELLS;4829.0;1
337900;;;PEARLS;SEASHELLS;9995.0;5
338000;;;PEARLS;SEASHELLS;9998.0;1
338100;;;BANANAS;SEASHELLS;4829.0;1
338100;;;BANANAS;SEASHELLS;4829.0;12
338200;;;BANANAS;SEASHELLS;4830.0;1
338800;;;PEARLS;SEASHELLS;10002.0;1
339100;;;BANANAS;SEASHELLS;4834.0;1
339100;;;PEARLS;SEASHELLS;9998.0;2
339600;;;BERRIES;SEASHELLS;3861.0;2
339800;;;BANANAS;SEASHELLS;4829.0;5
340000;;;BERRIES;SEASHELLS;3869.0;7
340000;;;PEARLS;SEASHELLS;10002.0;1
340000;;;BANANAS;SEASHELLS;4833.0;1
340100;;;BANANAS;SEASHELLS;4836.0;1
340100;;;PEARLS;SEASHELLS;10004.0;1
340200;;;PEARLS;SEASHELLS;10004.0;2
340200;;;BANANAS;SEASHELLS;4835.0;2
340300;;;BANANAS;SEASHELLS;4833.0;1
340400;;;PEARLS;SEASHELLS;10002.0;1
340600;;;BANANAS;SEASHELLS;4834.0;4
340700;;;PEARLS;SEASHELLS;9998.0;1
340900;;;BANANAS;SEASHELLS;4831.0;11
341000;;;DIVING_GEAR;SEASHELLS;99897.0;3
341200;;;PEARLS;SEASHELLS;9998.0;1
341400;;;PEARLS;SEASHELLS;9998.0;1
341500;;;PEARLS;SEASHELLS;10002.0;1
341700;;;DIVING_GEAR;SEASHELLS;99885.0;1
341800;;;PEARLS;SEASHELLS;9998.0;4
342300;;;PINA_COLADAS;SEASHELLS;14874.0;2
342500;;;BANANAS;SEASHELLS;4837.0;1
342500;;;PEARLS;SEASHELLS;10005.0;1
342600;;;PINA_COLADAS;SEASHELLS;14874.0;3
342800;;;PEARLS;SEASHELLS;10002.0;1
342800;;;BANANAS;SEASHELLS;4836.0;1
343600;;;BANANAS;SEASHELLS;4831.0;2
343600;;;PEARLS;SEASHELLS;9995.0;2
343800;;;BANANAS;SEASHELLS;4832.0;1
343900;;;BANANAS;SEASHELLS;4831.0;2
343900;;;PEARLS;SEASHELLS;9996.0;1
343900;;;BANANAS;SEASHELLS;4836.0;1
343900;;;PEARLS;SEASHELLS;9996.0;1
344100;;;COCONUTS;SEASHELLS;7923.0;70
344200;;;BANANAS;SEASHELLS;4831.0;19
344200;;;BANANAS;SEASHELLS;4833.0;4
344200;;;PINA_COLADAS;SEASHELLS;14870.0;21
344500;;;COCONUTS;SEASHELLS;7921.0;65
344500;;;PEARLS;SEASHELLS;10002.0;1
344700;;;DIVING_GEAR;SEASHELLS;99850.0;1
344700;;;PEARLS;SEASHELLS;9998.0;10
344700;;;PEARLS;SEASHELLS;9998.0;1
344800;;;BANANAS;SEASHELLS;4832.0;3
344800;;;BANANAS;SEASHELLS;4832.0;2
344900;;;BANANAS;SEASHELLS;4831.0;1
344900;;;PEARLS;SEASHELLS;9996.0;1
345000;;;BANANAS;SEASHELLS;4835.0;8
345100;;;PEARLS;SEASHELLS;10005.0;12
345200;;;COCONUTS;SEASHELLS;7923.0;5
345800;;;BANANAS;SEASHELLS;4830.0;1
345800;;;PEARLS;SEASHELLS;9998.0;3
345900;;;PEARLS;SEASHELLS;9998.0;1
346000;;;PEARLS;SEASHELLS;10002.0;4
346000;;;BANANAS;SEASHELLS;4830.0;17
346100;;;PEARLS;SEASHELLS;9996.0;2
346100;;;BERRIES;SEASHELLS;3866.0;3
346300;;;PEARLS;SEASHELLS;9998.0;5
346400;;;PINA_COLADAS;SEASHELLS;14873.0;3
346400;;;BANANAS;SEASHELLS;4835.0;5
346600;;;DIVING_GEAR;SEASHELLS;99864.0;2
346800;;;PEARLS;SEASHELLS;10002.0;3
346900;;;BANANAS;SEASHELLS;4835.0;2
346900;;;PEARLS;SEASHELLS;9998.0;1
347100;;;DIVING_GEAR;SEASHELLS;99858.0;3
347300;;;BANANAS;SEASHELLS;4837.0;7
347500;;;BANANAS;SEASHELLS;4836.0;2
347500;;;BANANAS;SEASHELLS;4835.0;1
347500;;;PEARLS;SEASHELLS;10004.0;2
347700;;;PEARLS;SEASHELLS;9998.0;5
348100;;;PEARLS;SEASHELLS;9998.0;1
348300;;;BANANAS;SEASHELLS;4829.0;1
348600;;;PINA_COLADAS;SEASHELLS;14835.0;5
348700;;;BANANAS;SEASHELLS;4829.0;10
348800;;;DIVING_GEAR;SEASHELLS;99814.0;3
348900;;;DIVING_GEAR;SEASHELLS;99824.0;2
349000;;;PEARLS;SEASHELLS;9996.0;1
349000;;;PEARLS;SEASHELLS;9996.0;11
349300;;;PEARLS;SEASHELLS;9998.0;1
349400;;;PEARLS;SEASHELLS;10004.0;1
349400;;;BANANAS;SEASHELLS;4835.0;2
349600;;;BANANAS;SEASHELLS;4834.0;1
349600;;;BERRIES;SEASHELLS;3873.0;10
349700;;;BANANAS;SEASHELLS;4829.0;1
349800;;;PEARLS;SEASHELLS;10002.0;1
350100;;;PEARLS;SEASHELLS;10002.0;1
350100;;;PINA_COLADAS;SEASHELLS;14839.0;13
350100;;;BANANAS;SEASHELLS;4836.0;1
350200;;;BERRIES;SEASHELLS;3866.0;1
350500;;;DIVING_GEAR;SEASHELLS;99836.0;2
350600;;;BANANAS;SEASHELLS;4837.0;1
351100;;;BANANAS;SEASHELLS;4833.0;1
351200;;;BANANAS;SEASHELLS;4838.0;1
351300;;;PINA_COLADAS;SEASHELLS;14835.0;33
351300;;;PEARLS;SEASHELLS;9998.0;4
351300;;;BERRIES;SEASHELLS;3870.0;1
352000;;;PEARLS;SEASHELLS;9996.0;1
352000;;;BANANAS;SEASHELLS;4832.0;1
352000;;;PINA_COLADAS;SEASHELLS;14832.0;4
352200;;;PEARLS;SEASHELLS;9998.0;1
352300;;;BANANAS;SEASHELLS;4832.0;1
352300;;;PEARLS;SEASHELLS;10000.0;1
352500;;;BANANAS;SEASHELLS;4832.0;1
352800;;;PEARLS;SEASHELLS;9998.0;3
352800;;;BANANAS;SEASHELLS;4833.0;1
352900;;;BANANAS;SEASHELLS;4833.0;1
352900;;;BERRIES;SEASHELLS;3862.0;9
352900;;;PEARLS;SEASHELLS;9996.0;1
353400;;;PEARLS;SEASHELLS;9996.0;2
353500;;;BANANAS;SEASHELLS;4832.0;17
354000;;;PEARLS;SEASHELLS;10004.0;1
354000;;;BANANAS;SEASHELLS;4839.0;2
354000;;;PEARLS;SEASHELLS;10004.0;1
354100;;;PEARLS;SEASHELLS;10002.0;1
354200;;;BANANAS;SEASHELLS;4839.0;1
354200;;;PEARLS;SEASHELLS;10005.0;1
354300;;;BANANAS;SEASHELLS;4832.0;1
354400;;;BANANAS;SEASHELLS;4832.0;4
354500;;;BANANAS;SEASHELLS;4833.0;3
354500;;;BANANAS;SEASHELLS;4833.0;2
354700;;;BANANAS;SEASHELLS;4831.0;6
354700;;;PEARLS;SEASHELLS;10002.0;4
354700;;;BERRIES;SEASHELLS;3870.0;10
354700;;;BANANAS;SEASHELLS;4832.0;1
354800;;;BANANAS;SEASHELLS;4837.0;1
354900;;;PEARLS;SEASHELLS;10004.0;1
354900;;;BANANAS;SEASHELLS;4838.0;1
355200;;;BANANAS;SEASHELLS;4833.0;1
355300;;;BERRIES;SEASHELLS;3866.0;4
355400;;;BANANAS;SEASHELLS;4834.0;1
355400;;;PEARLS;SEASHELLS;9995.0;7
355500;;;BANANAS;SEASHELLS;4834.0;2
355500;;;PEARLS;SEASHELLS;9996.0;1
355500;;;COCONUTS;SEASHELLS;7911.0;7
355800;;;DIVING_GEAR;SEASHELLS;99858.0;1
356300;;;COCONUTS;SEASHELLS;7910.0;8
356600;;;BERRIES;SEASHELLS;3868.0;1
356700;;;BANANAS;SEASHELLS;4840.0;1
356800;;;DIVING_GEAR;SEASHELLS;99846.0;1
356800;;;PEARLS;SEASHELLS;9996.0;1
356800;;;PEARLS;SEASHELLS;9996.0;1
356800;;;BANANAS;SEASHELLS;4835.0;2
356800;;;BANANAS;SEASHELLS;4836.0;11
356900;;;BERRIES;SEASHELLS;3866.0;10
357200;;;BERRIES;SEASHELLS;3874.0;3
357400;;;BANANAS;SEASHELLS;4841.0;7
357500;;;PEARLS;SEASHELLS;9998.0;1
357500;;;BANANAS;SEASHELLS;4839.0;1
357600;;;BANANAS;SEASHELLS;4835.0;1
357600;;;PEARLS;SEASHELLS;9996.0;1
358100;;;COCONUTS;SEASHELLS;7912.0;9
358600;;;PEARLS;SEASHELLS;10002.0;1
358700;;;DIVING_GEAR;SEASHELLS;99821.0;1
358800;;;BANANAS;SEASHELLS;4839.0;1
359000;;;PINA_COLADAS;SEASHELLS;14847.0;3
359500;;;COCONUTS;SEASHELLS;7911.0;56
359800;;;BANANAS;SEASHELLS;4833.0;1
359800;;;PEARLS;SEASHELLS;9998.0;2
359900;;;PEARLS;SEASHELLS;9998.0;1
360100;;;DIVING_GEAR;SEASHELLS;99797.0;2
360400;;;PEARLS;SEASHELLS;10002.0;1
360400;;;BERRIES;SEASHELLS;3880.0;13
360600;;;DIVING_GEAR;SEASHELLS;99798.0;1
360700;;;BERRIES;SEASHELLS;3873.0;12
360800;;;PEARLS;SEASHELLS;10002.0;1
360800;;;BANANAS;SEASHELLS;4840.0;1
361100;;;BANANAS;SEASHELLS;4835.0;7
361200;;;COCONUTS;SEASHELLS;7910.0;55
361200;;;COCONUTS;SEASHELLS;7910.0;22
361400;;;BANANAS;SEASHELLS;4835.0;4
361700;;;PEARLS;SEASHELLS;10002.0;1
361700;;;DIVING_GEAR;SEASHELLS;99802.0;2
361900;;;BANANAS;SEASHELLS;4841.0;4
361900;;;BANANAS;SEASHELLS;4835.0;1
362000;;;DIVING_GEAR;SEASHELLS;99800.0;1
362000;;;PINA_COLADAS;SEASHELLS;14831.0;6
362200;;;BANANAS;SEASHELLS;4836.0;1
362200;;;BANANAS;SEASHELLS;4836.0;1
362200;;;PEARLS;SEASHELLS;9996.0;1
362200;;;PEARLS;SEASHELLS;9996.0;1
362400;;;BANANAS;SEASHELLS;4836.0;1
362600;;;BANANAS;SEASHELLS;4841.0;1
362700;;;BANANAS;SEASHELLS;4836.0;1
362800;;;BANANAS;SEASHELLS;4837.0;2
363000;;;DIVING_GEAR;SEASHELLS;99763.0;1
363100;;;BANANAS;SEASHELLS;4843.0;1
363100;;;BANANAS;SEASHELLS;4841.0;9
363100;;;PEARLS;SEASHELLS;10004.0;1
363200;;;BANANAS;SEASHELLS;4837.0;2
363200;;;PEARLS;SEASHELLS;10002.0;1
363600;;;DIVING_GEAR;SEASHELLS;99784.0;2
363600;;;BANANAS;SEASHELLS;4842.0;1
363600;;;PEARLS;SEASHELLS;9996.0;6
363600;;;PEARLS;SEASHELLS;9996.0;2
363700;;;PEARLS;SEASHELLS;9998.0;1
363800;;;DIVING_GEAR;SEASHELLS;99778.0;2
364000;;;DIVING_GEAR;SEASHELLS;99789.0;1
364100;;;BANANAS;SEASHELLS;4835.0;1
364100;;;PEARLS;SEASHELLS;10002.0;4
364200;;;BANANAS;SEASHELLS;4835.0;1
364300;;;BANANAS;SEASHELLS;4835.0;1
364300;;;COCONUTS;SEASHELLS;7910.0;25
364400;;;DIVING_GEAR;SEASHELLS;99816.0;2
364600;;;BANANAS;SEASHELLS;4835.0;1
364700;;;BANANAS;SEASHELLS;4835.0;1
364800;;;PEARLS;SEASHELLS;10002.0;1
364800;;;BERRIES;SEASHELLS;3881.0;13
364900;;;BANANAS;SEASHELLS;4838.0;1
364900;;;BANANAS;SEASHELLS;4838.0;1
365400;;;PEARLS;SEASHELLS;9995.0;2
365400;;;BANANAS;SEASHELLS;4835.0;2
365500;;;BANANAS;SEASHELLS;4840.0;1
365900;;;BANANAS;SEASHELLS;4836.0;1
365900;;;PEARLS;SEASHELLS;9995.0;1
366000;;;PEARLS;SEASHELLS;10005.0;2
366000;;;DIVING_GEAR;SEASHELLS;99831.0;3
366100;;;BANANAS;SEASHELLS;4836.0;1
366100;;;BANANAS;SEASHELLS;4843.0;1
366100;;;PEARLS;SEASHELLS;9998.0;1
366200;;;BANANAS;SEASHELLS;4836.0;1
366200;;;PEARLS;SEASHELLS;9998.0;1
366300;;;DIVING_GEAR;SEASHELLS;99837.0;2
366600;;;DIVING_GEAR;SEASHELLS;99846.0;1
366700;;;BANANAS;SEASHELLS;4837.0;1
367000;;;PINA_COLADAS;SEASHELLS;14832.0;2
367000;;;PINA_COLADAS;SEASHELLS;14832.0;34
367100;;;PEARLS;SEASHELLS;10002.0;3
367100;;;BANANAS;SEASHELLS;4843.0;1
367300;;;BANANAS;SEASHELLS;4838.0;1
367300;;;BANANAS;SEASHELLS;4839.0;2
367300;;;PEARLS;SEASHELLS;10002.0;2
367400;;;DIVING_GEAR;SEASHELLS;99857.0;3
367500;;;PEARLS;SEASHELLS;9998.0;1
367500;;;BANANAS;SEASHELLS;4838.0;1
367500;;;PEARLS;SEASHELLS;9996.0;1
367500;;;PINA_COLADAS;SEASHELLS;14836.0;11
367700;;;PEARLS;SEASHELLS;10002.0;1
367700;;;PEARLS;SEASHELLS;10002.0;1
367700;;;BANANAS;SEASHELLS;4842.0;1
368000;;;DIVING_GEAR;SEASHELLS;99847.0;1
368100;;;PEARLS;SEASHELLS;10004.0;2
368100;;;BANANAS;SEASHELLS;4844.0;2
368200;;;BERRIES;SEASHELLS;3883.0;4
368300;;;DIVING_GEAR;SEASHELLS;99848.0;2
368300;;;BERRIES;SEASHELLS;3881.0;7
368300;;;BANANAS;SEASHELLS;4839.0;7
368500;;;BANANAS;SEASHELLS;4842.0;2
368700;;;BANANAS;SEASHELLS;4839.0;16
368700;;;BANANAS;SEASHELLS;4840.0;1
368700;;;BANANAS;SEASHELLS;4845.0;1
368800;;;BANANAS;SEASHELLS;4838.0;15
369000;;;BANANAS;SEASHELLS;4844.0;1
369300;;;DIVING_GEAR;SEASHELLS;99866.0;3
369600;;;BANANAS;SEASHELLS;4843.0;4
369800;;;PEARLS;SEASHELLS;9998.0;2
369800;;;PEARLS;SEASHELLS;9998.0;1
370000;;;PEARLS;SEASHELLS;9998.0;2
370100;;;DIVING_GEAR;SEASHELLS;99889.0;2
370200;;;BANANAS;SEASHELLS;4837.0;1
370200;;;PINA_COLADAS;SEASHELLS;14840.0;4
370700;;;COCONUTS;SEASHELLS;7909.0;6
370700;;;PEARLS;SEASHELLS;9998.0;4
370700;;;BANANAS;SEASHELLS;4845.0;2
371000;;;PEARLS;SEASHELLS;9998.0;1
371400;;;PEARLS;SEASHELLS;9995.0;9
371400;;;BANANAS;SEASHELLS;4838.0;2
371400;;;PEARLS;SEASHELLS;9995.0;2
371600;;;BANANAS;SEASHELLS;4839.0;1
371800;;;BANANAS;SEASHELLS;4837.0;2
371800;;;PEARLS;SEASHELLS;9995.0;2
372200;;;BANANAS;SEASHELLS;4837.0;1
372700;;;PEARLS;SEASHELLS;9998.0;1
372700;;;BANANAS;SEASHELLS;4842.0;1
372800;;;BANANAS;SEASHELLS;4843.0;6
372800;;;PEARLS;SEASHELLS;10004.0;8
372800;;;PEARLS;SEASHELLS;10004.0;2
372900;;;DIVING_GEAR;SEASHELLS;99892.0;2
373300;;;BANANAS;SEASHELLS;4842.0;1
373300;;;PEARLS;SEASHELLS;10004.0;1
373500;;;BANANAS;SEASHELLS;4843.0;8
373700;;;BANANAS;SEASHELLS;4836.0;2
373700;;;BERRIES;SEASHELLS;3891.0;10
373800;;;BANANAS;SEASHELLS;4837.0;1
373800;;;PEARLS;SEASHELLS;9998.0;1
373900;;;BANANAS;SEASHELLS;4842.0;1
373900;;;PEARLS;SEASHELLS;10002.0;5
374000;;;PEARLS;SEASHELLS;9998.0;1
374000;;;BANANAS;SEASHELLS;4841.0;3
374000;;;BANANAS;SEASHELLS;4837.0;1
374000;;;BANANAS;SEASHELLS;4837.0;5
374100;;;DIVING_GEAR;SEASHELLS;99923.0;1
374200;;;BERRIES;SEASHELLS;3890.0;19
374300;;;PEARLS;SEASHELLS;9998.0;1
374400;;;DIVING_GEAR;SEASHELLS;99897.0;3
374400;;;PEARLS;SEASHELLS;10002.0;1
374700;;;BANANAS;SEASHELLS;4838.0;1
374800;;;BERRIES;SEASHELLS;3890.0;12
375200;;;DIVING_GEAR;SEASHELLS;99886.0;1
375200;;;BANANAS;SEASHELLS;4837.0;2
375500;;;PEARLS;SEASHELLS;10002.0;5
375600;;;PEARLS;SEASHELLS;9996.0;1
375700;;;BANANAS;SEASHELLS;4841.0;1
376000;;;BANANAS;SEASHELLS;4842.0;1
376600;;;PEARLS;SEASHELLS;10002.0;1
376700;;;BANANAS;SEASHELLS;4843.0;1
376700;;;PEARLS;SEASHELLS;10005.0;1
376800;;;BANANAS;SEASHELLS;4841.0;7
377100;;;PEARLS;SEASHELLS;9998.0;1
377300;;;COCONUTS;SEASHELLS;7912.0;53
377600;;;PEARLS;SEASHELLS;9996.0;3
377600;;;PEARLS;SEASHELLS;9996.0;2
377700;;;BANANAS;SEASHELLS;4841.0;4
377700;;;BANANAS;SEASHELLS;4841.0;7
377900;;;BANANAS;SEASHELLS;4838.0;4
377900;;;PEARLS;SEASHELLS;10002.0;1
378000;;;PEARLS;SEASHELLS;9998.0;1
378300;;;PINA_COLADAS;SEASHELLS;14839.0;9
378500;;;BANANAS;SEASHELLS;4837.0;1
378800;;;DIVING_GEAR;SEASHELLS;99941.0;1
379000;;;PEARLS;SEASHELLS;10005.0;1
379000;;;BANANAS;SEASHELLS;4842.0;1
379100;;;PINA_COLADAS;SEASHELLS;14851.0;2
379100;;;BERRIES;SEASHELLS;3886.0;13
379200;;;PEARLS;SEASHELLS;10004.0;1
379200;;;PEARLS;SEASHELLS;10004.0;1
379200;;;BANANAS;SEASHELLS;4841.0;2
379300;;;BANANAS;SEASHELLS;4839.0;2
379400;;;PEARLS;SEASHELLS;9998.0;1
379400;;;BANANAS;SEASHELLS;4836.0;3
379400;;;BANANAS;SEASHELLS;4835.0;1
379600;;;PEARLS;SEASHELLS;9998.0;2
379600;;;BANANAS;SEASHELLS;4835.0;2
379600;;;BANANAS;SEASHELLS;4835.0;3
380000;;;PINA_COLADAS;SEASHELLS;14856.0;5
380200;;;BERRIES;SEASHELLS;3888.0;12
380300;;;BANANAS;SEASHELLS;4832.0;1
380300;;;DIVING_GEAR;SEASHELLS;99969.0;1
380500;;;DIVING_GEAR;SEASHELLS;99992.0;1
380800;;;DIVING_GEAR;SEASHELLS;99992.0;3
380900;;;BANANAS;SEASHELLS;4839.0;1
380900;;;DIVING_GEAR;SEASHELLS;99980.0;2
381100;;;PEARLS;SEASHELLS;9998.0;1
382200;;;BANANAS;SEASHELLS;4835.0;1
382200;;;BANANAS;SEASHELLS;4836.0;1
382200;;;BANANAS;SEASHELLS;4835.0;7
382300;;;COCONUTS;SEASHELLS;7923.0;8
382400;;;PEARLS;SEASHELLS;9996.0;2
382400;;;BANANAS;SEASHELLS;4834.0;2
383000;;;PEARLS;SEASHELLS;9998.0;1
383100;;;PEARLS;SEASHELLS;9998.0;2
383100;;;BANANAS;SEASHELLS;4841.0;1
383200;;;BERRIES;SEASHELLS;3889.0;1
383500;;;PEARLS;SEASHELLS;10002.0;1
383500;;;PEARLS;SEASHELLS;10005.0;3
383600;;;BANANAS;SEASHELLS;4835.0;1
383600;;;PEARLS;SEASHELLS;10005.0;1
383700;;;BANANAS;SEASHELLS;4835.0;7
383900;;;PEARLS;SEASHELLS;9998.0;8
384200;;;DIVING_GEAR;SEASHELLS;99935.0;2
384500;;;BERRIES;SEASHELLS;3890.0;1
385100;;;BANANAS;SEASHELLS;4837.0;5
385200;;;PEARLS;SEASHELLS;9998.0;1
385200;;;DIVING_GEAR;SEASHELLS;99941.0;3
385300;;;BANANAS;SEASHELLS;4832.0;1
385300;;;DIVING_GEAR;SEASHELLS;99946.0;1
385700;;;BANANAS;SEASHELLS;4832.0;2
385700;;;PEARLS;SEASHELLS;9995.0;2
385700;;;BERRIES;SEASHELLS;3892.0;4
385800;;;BERRIES;SEASHELLS;3899.0;7
385800;;;DIVING_GEAR;SEASHELLS;99962.0;3
385900;;;PINA_COLADAS;SEASHELLS;14859.0;2
385900;;;DIVING_GEAR;SEASHELLS;99954.0;2
386000;;;PEARLS;SEASHELLS;9995.0;1
386000;;;BANANAS;SEASHELLS;4832.0;1
386600;;;BANANAS;SEASHELLS;4833.0;1
386800;;;DIVING_GEAR;SEASHELLS;99955.0;3
387100;;;DIVING_GEAR;SEASHELLS;99947.0;3
387100;;;PEARLS;SEASHELLS;9998.0;2
387200;;;BANANAS;SEASHELLS;4840.0;1
387200;;;PEARLS;SEASHELLS;10004.0;1
387300;;;PEARLS;SEASHELLS;10002.0;1
387400;;;PEARLS;SEASHELLS;9995.0;2
387400;;;PEARLS;SEASHELLS;9998.0;1
387400;;;BANANAS;SEASHELLS;4833.0;2
387500;;;PEARLS;SEASHELLS;10004.0;2
387500;;;BANANAS;SEASHELLS;4840.0;2
387600;;;PEARLS;SEASHELLS;10005.0;1
387600;;;BANANAS;SEASHELLS;4840.0;1
387600;;;PEARLS;SEASHELLS;10004.0;2
387800;;;PEARLS;SEASHELLS;9998.0;4
387800;;;BANANAS;SEASHELLS;4834.0;1
387900;;;DIVING_GEAR;SEASHELLS;99950.0;2
