timestamp;buyer;seller;symbol;currency;price;quantity
100;;;BANANAS;SEASHELLS;4875.0;1
100;;;PEARLS;SEASHELLS;10002.0;1
200;;;BANANAS;SEASHELLS;4876.0;1
200;;;PEARLS;SEASHELLS;10004.0;1
300;;;BANANAS;SEASHELLS;4873.0;1
400;;;BANANAS;SEASHELLS;4871.0;5
500;;;BANANAS;SEASHELLS;4874.0;1
800;;;PEARLS;SEASHELLS;9996.0;1
800;;;BANANAS;SEASHELLS;4871.0;1
1000;;;BANANAS;SEASHELLS;4875.0;10
1200;;;BANANAS;SEASHELLS;4868.0;1
1300;;;PEARLS;SEASHELLS;10002.0;1
1500;;;BANANAS;SEASHELLS;4874.0;1
1500;;;PEARLS;SEASHELLS;9998.0;4
1700;;;BANANAS;SEASHELLS;4870.0;2
1900;;;BANANAS;SEASHELLS;4868.0;1
1900;;;PINA_COLADAS;SEASHELLS;14998.0;13
2100;;;COCONUTS;SEASHELLS;7998.0;53
2600;;;PEARLS;SEASHELLS;10002.0;4
2600;;;BANANAS;SEASHELLS;4872.0;2
2600;;;PEARLS;SEASHELLS;10002.0;1
2600;;;BANANAS;SEASHELLS;4872.0;4
3000;;;BANANAS;SEASHELLS;4874.0;1
3100;;;PEARLS;SEASHELLS;9998.0;1
3200;;;PEARLS;SEASHELLS;10002.0;5
3300;;;PEARLS;SEASHELLS;10002.0;1
3500;;;BANANAS;SEASHELLS;4874.0;10
3500;;;BANANAS;SEASHELLS;4874.0;10
3700;;;PEARLS;SEASHELLS;9998.0;1
4200;;;BANANAS;SEASHELLS;4876.0;6
4200;;;PEARLS;SEASHELLS;10002.0;5
4200;;;BANANAS;SEASHELLS;4876.0;1
4900;;;BANANAS;SEASHELLS;4871.0;7
5400;;;PEARLS;SEASHELLS;10005.0;1
5400;;;BANANAS;SEASHELLS;4879.0;15
5400;;;BANANAS;SEASHELLS;4879.0;1
5500;;;PEARLS;SEASHELLS;10004.0;1
6200;;;BANANAS;SEASHELLS;4878.0;1
6700;;;PEARLS;SEASHELLS;10004.0;1
6700;;;BANANAS;SEASHELLS;4879.0;1
6800;;;BANANAS;SEASHELLS;4873.0;1
7100;;;COCONUTS;SEASHELLS;7996.0;56
7200;;;PEARLS;SEASHELLS;9996.0;1
7200;;;PEARLS;SEASHELLS;10002.0;1
7600;;;PEARLS;SEASHELLS;10002.0;1
8000;;;BANANAS;SEASHELLS;4875.0;1
8200;;;PEARLS;SEASHELLS;9996.0;1
8200;;;BANANAS;SEASHELLS;4871.0;1
8300;;;COCONUTS;SEASHELLS;7992.0;46
9100;;;PEARLS;SEASHELLS;9998.0;1
9300;;;COCONUTS;SEASHELLS;7993.0;6
9400;;;PEARLS;SEASHELLS;10002.0;1
9500;;;PEARLS;SEASHELLS;10002.0;1
9700;;;PEARLS;SEASHELLS;10002.0;1
9900;;;BANANAS;SEASHELLS;4867.0;9
10000;;;PINA_COLADAS;SEASHELLS;14980.0;4
10300;;;BANANAS;SEASHELLS;4873.0;1
10300;;;PEARLS;SEASHELLS;10004.0;1
10500;;;COCONUTS;SEASHELLS;7991.0;10
10700;;;PEARLS;SEASHELLS;9998.0;3
11000;;;BANANAS;SEASHELLS;4867.0;9
11900;;;PEARLS;SEASHELLS;10002.0;1
12500;;;COCONUTS;SEASHELLS;7991.0;10
12700;;;PEARLS;SEASHELLS;10002.0;1
12700;;;PEARLS;SEASHELLS;10002.0;1
13300;;;COCONUTS;SEASHELLS;7992.0;24
13300;;;PEARLS;SEASHELLS;10002.0;2
13700;;;BANANAS;SEASHELLS;4870.0;2
13700;;;PEARLS;SEASHELLS;10002.0;1
14000;;;PEARLS;SEASHELLS;10002.0;5
14000;;;BANANAS;SEASHELLS;4868.0;1
14000;;;PEARLS;SEASHELLS;10002.0;1
14300;;;BANANAS;SEASHELLS;4871.0;2
14400;;;PEARLS;SEASHELLS;10002.0;2
14400;;;PEARLS;SEASHELLS;10002.0;2
14400;;;BANANAS;SEASHELLS;4867.0;1
14400;;;BANANAS;SEASHELLS;4867.0;2
14600;;;BANANAS;SEASHELLS;4867.0;1
14600;;;BANANAS;SEASHELLS;4872.0;1
14800;;;BANANAS;SEASHELLS;4868.0;4
14800;;;PEARLS;SEASHELLS;9998.0;1
15000;;;BANANAS;SEASHELLS;4865.0;1
15100;;;PEARLS;SEASHELLS;9998.0;1
15100;;;PINA_COLADAS;SEASHELLS;14985.0;27
15400;;;PINA_COLADAS;SEASHELLS;14979.0;4
15400;;;BANANAS;SEASHELLS;4871.0;12
15800;;;BANANAS;SEASHELLS;4870.0;2
15800;;;PEARLS;SEASHELLS;10004.0;2
16000;;;BANANAS;SEASHELLS;4863.0;5
16000;;;BANANAS;SEASHELLS;4863.0;2
16200;;;BANANAS;SEASHELLS;4863.0;1
16200;;;PEARLS;SEASHELLS;10002.0;3
16300;;;PEARLS;SEASHELLS;9996.0;1
16300;;;PEARLS;SEASHELLS;9996.0;1
16400;;;COCONUTS;SEASHELLS;7993.0;44
17300;;;PINA_COLADAS;SEASHELLS;14981.0;2
17400;;;BANANAS;SEASHELLS;4868.0;2
17400;;;PEARLS;SEASHELLS;9998.0;2
17900;;;PEARLS;SEASHELLS;9998.0;1
17900;;;PEARLS;SEASHELLS;9998.0;1
17900;;;PEARLS;SEASHELLS;9998.0;2
17900;;;BANANAS;SEASHELLS;4866.0;1
18200;;;BANANAS;SEASHELLS;4862.0;1
18200;;;PEARLS;SEASHELLS;9996.0;1
18200;;;PEARLS;SEASHELLS;10002.0;9
18900;;;BANANAS;SEASHELLS;4866.0;8
18900;;;PEARLS;SEASHELLS;10002.0;1
19300;;;BANANAS;SEASHELLS;4863.0;2
19300;;;PEARLS;SEASHELLS;9998.0;2
19300;;;PEARLS;SEASHELLS;9998.0;6
19300;;;BANANAS;SEASHELLS;4863.0;13
19600;;;BANANAS;SEASHELLS;4863.0;5
19600;;;BANANAS;SEASHELLS;4863.0;4
19600;;;PEARLS;SEASHELLS;10002.0;1
19900;;;PEARLS;SEASHELLS;9996.0;1
20000;;;BANANAS;SEASHELLS;4863.0;12
20000;;;PEARLS;SEASHELLS;9998.0;1
20100;;;COCONUTS;SEASHELLS;7989.0;10
20200;;;PEARLS;SEASHELLS;10002.0;1
20600;;;BANANAS;SEASHELLS;4865.0;2
20600;;;PEARLS;SEASHELLS;9998.0;2
20800;;;COCONUTS;SEASHELLS;7989.0;10
20900;;;BANANAS;SEASHELLS;4860.0;1
21000;;;BANANAS;SEASHELLS;4861.0;13
21200;;;BANANAS;SEASHELLS;4865.0;1
21200;;;PEARLS;SEASHELLS;9998.0;1
21600;;;BANANAS;SEASHELLS;4864.0;1
21600;;;BANANAS;SEASHELLS;4864.0;1
21900;;;PINA_COLADAS;SEASHELLS;14967.0;2
22100;;;BANANAS;SEASHELLS;4865.0;1
22200;;;PEARLS;SEASHELLS;10002.0;1
22400;;;PEARLS;SEASHELLS;10002.0;1
22500;;;BANANAS;SEASHELLS;4866.0;1
22800;;;BANANAS;SEASHELLS;4867.0;6
22800;;;PEARLS;SEASHELLS;10002.0;1
22800;;;BANANAS;SEASHELLS;4861.0;1
22800;;;BANANAS;SEASHELLS;4861.0;1
22900;;;BANANAS;SEASHELLS;4861.0;1
23000;;;BANANAS;SEASHELLS;4865.0;1
23000;;;PEARLS;SEASHELLS;10002.0;1
23200;;;BANANAS;SEASHELLS;4860.0;1
23500;;;BANANAS;SEASHELLS;4865.0;1
23600;;;BANANAS;SEASHELLS;4861.0;1
24300;;;PEARLS;SEASHELLS;10002.0;1
24300;;;BANANAS;SEASHELLS;4862.0;1
24400;;;BANANAS;SEASHELLS;4868.0;17
24600;;;BANANAS;SEASHELLS;4864.0;2
25100;;;PEARLS;SEASHELLS;9998.0;1
25100;;;BANANAS;SEASHELLS;4867.0;1
25900;;;BANANAS;SEASHELLS;4871.0;2
25900;;;PEARLS;SEASHELLS;10004.0;2
26200;;;PEARLS;SEASHELLS;10002.0;1
26300;;;BANANAS;SEASHELLS;4865.0;1
26300;;;PEARLS;SEASHELLS;10002.0;4
26600;;;PEARLS;SEASHELLS;9998.0;4
26700;;;BANANAS;SEASHELLS;4872.0;1
26700;;;PINA_COLADAS;SEASHELLS;14959.0;5
26800;;;PEARLS;SEASHELLS;10002.0;1
27100;;;BANANAS;SEASHELLS;4871.0;1
27100;;;PEARLS;SEASHELLS;9998.0;1
27200;;;BANANAS;SEASHELLS;4871.0;1
27300;;;BANANAS;SEASHELLS;4866.0;1
27400;;;PEARLS;SEASHELLS;9998.0;6
27400;;;PEARLS;SEASHELLS;9998.0;3
27500;;;BANANAS;SEASHELLS;4873.0;19
27600;;;BANANAS;SEASHELLS;4872.0;1
27800;;;PEARLS;SEASHELLS;9998.0;3
28100;;;PEARLS;SEASHELLS;10004.0;1
28100;;;PEARLS;SEASHELLS;10004.0;2
28200;;;COCONUTS;SEASHELLS;7990.0;46
28200;;;COCONUTS;SEASHELLS;7990.0;17
28500;;;BANANAS;SEASHELLS;4868.0;1
28500;;;BANANAS;SEASHELLS;4868.0;18
28600;;;BANANAS;SEASHELLS;4867.0;10
28600;;;BANANAS;SEASHELLS;4867.0;1
28700;;;BANANAS;SEASHELLS;4868.0;1
29000;;;PEARLS;SEASHELLS;10002.0;1
29400;;;PEARLS;SEASHELLS;10002.0;1
29500;;;BANANAS;SEASHELLS;4865.0;1
29800;;;PEARLS;SEASHELLS;10005.0;5
29900;;;BANANAS;SEASHELLS;4872.0;19
30200;;;PEARLS;SEASHELLS;9998.0;1
30200;;;BANANAS;SEASHELLS;4867.0;2
30600;;;PEARLS;SEASHELLS;10002.0;1
31000;;;PEARLS;SEASHELLS;10002.0;1
31000;;;BANANAS;SEASHELLS;4871.0;1
31100;;;PEARLS;SEASHELLS;10002.0;1
31100;;;BANANAS;SEASHELLS;4871.0;1
31100;;;PINA_COLADAS;SEASHELLS;14943.0;2
31200;;;PEARLS;SEASHELLS;10002.0;6
31200;;;BANANAS;SEASHELLS;4866.0;1
31200;;;PEARLS;SEASHELLS;10002.0;1
31200;;;COCONUTS;SEASHELLS;7979.0;14
31400;;;PEARLS;SEASHELLS;10002.0;3
31600;;;PEARLS;SEASHELLS;9998.0;3
31600;;;PEARLS;SEASHELLS;9998.0;1
31700;;;PEARLS;SEASHELLS;10002.0;1
31700;;;PEARLS;SEASHELLS;9995.0;3
32100;;;PEARLS;SEASHELLS;9998.0;2
32100;;;BANANAS;SEASHELLS;4866.0;2
32300;;;BANANAS;SEASHELLS;4866.0;4
32400;;;BANANAS;SEASHELLS;4867.0;2
32500;;;PEARLS;SEASHELLS;10002.0;1
33000;;;BANANAS;SEASHELLS;4866.0;14
33000;;;BANANAS;SEASHELLS;4866.0;2
33600;;;PEARLS;SEASHELLS;9998.0;2
33800;;;BANANAS;SEASHELLS;4871.0;4
33900;;;PEARLS;SEASHELLS;10004.0;11
33900;;;PEARLS;SEASHELLS;10004.0;1
34000;;;BANANAS;SEASHELLS;4871.0;1
34200;;;PEARLS;SEASHELLS;10002.0;1
34300;;;BANANAS;SEASHELLS;4865.0;1
34800;;;BANANAS;SEASHELLS;4865.0;3
34800;;;BANANAS;SEASHELLS;4865.0;1
35400;;;PEARLS;SEASHELLS;10002.0;1
35600;;;PINA_COLADAS;SEASHELLS;14956.0;11
36500;;;BANANAS;SEASHELLS;4863.0;1
36700;;;PEARLS;SEASHELLS;10002.0;1
36700;;;PEARLS;SEASHELLS;10002.0;1
36800;;;BANANAS;SEASHELLS;4865.0;2
37300;;;PEARLS;SEASHELLS;9996.0;1
37600;;;PEARLS;SEASHELLS;10004.0;9
37600;;;BANANAS;SEASHELLS;4869.0;1
37600;;;PEARLS;SEASHELLS;10004.0;1
37800;;;PEARLS;SEASHELLS;10004.0;2
37800;;;BANANAS;SEASHELLS;4870.0;2
38700;;;BANANAS;SEASHELLS;4864.0;1
38700;;;PINA_COLADAS;SEASHELLS;14954.0;5
38700;;;PEARLS;SEASHELLS;10004.0;2
39100;;;BANANAS;SEASHELLS;4869.0;1
39100;;;PEARLS;SEASHELLS;9998.0;1
39200;;;BANANAS;SEASHELLS;4863.0;2
39200;;;PEARLS;SEASHELLS;9995.0;2
39700;;;BANANAS;SEASHELLS;4862.0;1
40500;;;BANANAS;SEASHELLS;4863.0;5
40600;;;PEARLS;SEASHELLS;10002.0;1
40700;;;BANANAS;SEASHELLS;4866.0;1
41100;;;BANANAS;SEASHELLS;4865.0;7
41400;;;BANANAS;SEASHELLS;4862.0;5
41800;;;BANANAS;SEASHELLS;4864.0;4
41800;;;BANANAS;SEASHELLS;4862.0;1
42000;;;PEARLS;SEASHELLS;9998.0;1
42200;;;BANANAS;SEASHELLS;4868.0;12
42400;;;BANANAS;SEASHELLS;4863.0;1
42400;;;PEARLS;SEASHELLS;9996.0;1
43000;;;COCONUTS;SEASHELLS;7977.0;19
43000;;;COCONUTS;SEASHELLS;7977.0;48
43100;;;COCONUTS;SEASHELLS;7979.0;8
43200;;;PEARLS;SEASHELLS;9996.0;2
43600;;;PEARLS;SEASHELLS;10002.0;2
43900;;;PEARLS;SEASHELLS;10002.0;1
43900;;;PEARLS;SEASHELLS;10002.0;2
43900;;;BANANAS;SEASHELLS;4864.0;1
43900;;;PEARLS;SEASHELLS;10002.0;4
44300;;;PEARLS;SEASHELLS;9998.0;2
44600;;;PINA_COLADAS;SEASHELLS;14944.0;3
44600;;;PINA_COLADAS;SEASHELLS;14944.0;31
44700;;;BANANAS;SEASHELLS;4869.0;1
44800;;;COCONUTS;SEASHELLS;7977.0;46
45000;;;BANANAS;SEASHELLS;4864.0;1
45200;;;PEARLS;SEASHELLS;10002.0;1
45200;;;PINA_COLADAS;SEASHELLS;14938.0;4
45200;;;BANANAS;SEASHELLS;4864.0;1
45300;;;BANANAS;SEASHELLS;4864.0;1
45400;;;BANANAS;SEASHELLS;4864.0;4
45400;;;BANANAS;SEASHELLS;4864.0;4
45500;;;PEARLS;SEASHELLS;9998.0;3
45800;;;BANANAS;SEASHELLS;4865.0;7
45900;;;BANANAS;SEASHELLS;4865.0;1
46000;;;PEARLS;SEASHELLS;9998.0;1
46400;;;BANANAS;SEASHELLS;4869.0;1
46400;;;COCONUTS;SEASHELLS;7971.0;8
46500;;;PEARLS;SEASHELLS;9998.0;1
46600;;;BANANAS;SEASHELLS;4869.0;1
46900;;;BANANAS;SEASHELLS;4865.0;11
47200;;;BANANAS;SEASHELLS;4870.0;1
47400;;;PEARLS;SEASHELLS;9998.0;1
48000;;;PEARLS;SEASHELLS;10002.0;1
48100;;;COCONUTS;SEASHELLS;7975.0;8
48200;;;BANANAS;SEASHELLS;4864.0;1
48300;;;BANANAS;SEASHELLS;4869.0;1
48900;;;BANANAS;SEASHELLS;4865.0;1
49000;;;PEARLS;SEASHELLS;10004.0;1
49000;;;PINA_COLADAS;SEASHELLS;14950.0;4
49000;;;PEARLS;SEASHELLS;10004.0;1
49800;;;PINA_COLADAS;SEASHELLS;14944.0;3
49800;;;BANANAS;SEASHELLS;4863.0;1
49800;;;PEARLS;SEASHELLS;10002.0;1
49800;;;BANANAS;SEASHELLS;4868.0;1
50000;;;BANANAS;SEASHELLS;4868.0;2
50100;;;PEARLS;SEASHELLS;10002.0;4
50600;;;BANANAS;SEASHELLS;4871.0;1
50900;;;BANANAS;SEASHELLS;4866.0;1
50900;;;PINA_COLADAS;SEASHELLS;14942.0;5
51500;;;PEARLS;SEASHELLS;9995.0;2
51500;;;BANANAS;SEASHELLS;4866.0;2
51500;;;BANANAS;SEASHELLS;4866.0;13
52000;;;PEARLS;SEASHELLS;9998.0;1
52100;;;BANANAS;SEASHELLS;4873.0;18
52200;;;BANANAS;SEASHELLS;4866.0;1
52200;;;PEARLS;SEASHELLS;10002.0;1
52400;;;PEARLS;SEASHELLS;10002.0;4
52400;;;PEARLS;SEASHELLS;10002.0;3
52500;;;PINA_COLADAS;SEASHELLS;14953.0;14
52600;;;PEARLS;SEASHELLS;10004.0;1
52700;;;BANANAS;SEASHELLS;4872.0;1
52800;;;BANANAS;SEASHELLS;4871.0;1
52800;;;BANANAS;SEASHELLS;4867.0;8
53100;;;PEARLS;SEASHELLS;9998.0;5
53600;;;BANANAS;SEASHELLS;4869.0;10
53600;;;BANANAS;SEASHELLS;4869.0;2
54000;;;PEARLS;SEASHELLS;10002.0;1
54100;;;PEARLS;SEASHELLS;10004.0;1
54100;;;PEARLS;SEASHELLS;10004.0;1
54100;;;BANANAS;SEASHELLS;4875.0;1
54100;;;BANANAS;SEASHELLS;4875.0;1
54100;;;COCONUTS;SEASHELLS;7978.0;6
54200;;;BANANAS;SEASHELLS;4869.0;1
54300;;;PEARLS;SEASHELLS;10002.0;1
54300;;;BANANAS;SEASHELLS;4869.0;2
54600;;;PEARLS;SEASHELLS;10002.0;2
54700;;;BANANAS;SEASHELLS;4875.0;1
54700;;;BANANAS;SEASHELLS;4875.0;1
54700;;;PEARLS;SEASHELLS;10005.0;2
54700;;;PEARLS;SEASHELLS;10004.0;4
54700;;;PEARLS;SEASHELLS;10004.0;1
54900;;;BANANAS;SEASHELLS;4874.0;1
55200;;;BANANAS;SEASHELLS;4869.0;1
55300;;;PEARLS;SEASHELLS;10002.0;5
55300;;;BANANAS;SEASHELLS;4875.0;1
55300;;;PEARLS;SEASHELLS;10002.0;3
55400;;;PEARLS;SEASHELLS;9998.0;6
55900;;;PEARLS;SEASHELLS;9998.0;4
55900;;;BANANAS;SEASHELLS;4872.0;1
56400;;;BANANAS;SEASHELLS;4870.0;4
56500;;;PEARLS;SEASHELLS;10002.0;6
56700;;;PEARLS;SEASHELLS;9998.0;1
57100;;;BANANAS;SEASHELLS;4874.0;1
57100;;;PEARLS;SEASHELLS;9998.0;1
57200;;;BANANAS;SEASHELLS;4871.0;5
57600;;;PEARLS;SEASHELLS;9998.0;1
58100;;;PEARLS;SEASHELLS;10005.0;7
58500;;;BANANAS;SEASHELLS;4870.0;3
58600;;;PEARLS;SEASHELLS;9996.0;1
58600;;;BANANAS;SEASHELLS;4870.0;1
58800;;;PEARLS;SEASHELLS;10004.0;1
58800;;;BANANAS;SEASHELLS;4876.0;2
58800;;;COCONUTS;SEASHELLS;7973.0;5
58800;;;PEARLS;SEASHELLS;10004.0;1
58900;;;BANANAS;SEASHELLS;4876.0;2
58900;;;PEARLS;SEASHELLS;10004.0;2
58900;;;BANANAS;SEASHELLS;4875.0;1
59100;;;PEARLS;SEASHELLS;9998.0;1
59400;;;PEARLS;SEASHELLS;10002.0;1
59600;;;PEARLS;SEASHELLS;10002.0;1
59800;;;BANANAS;SEASHELLS;4871.0;9
59800;;;BANANAS;SEASHELLS;4871.0;9
59900;;;BANANAS;SEASHELLS;4871.0;2
59900;;;PEARLS;SEASHELLS;9996.0;2
60000;;;BANANAS;SEASHELLS;4876.0;10
60000;;;PEARLS;SEASHELLS;9998.0;3
60000;;;BANANAS;SEASHELLS;4876.0;1
60300;;;BANANAS;SEASHELLS;4872.0;14
60300;;;BANANAS;SEASHELLS;4872.0;3
60400;;;PEARLS;SEASHELLS;9998.0;1
60400;;;PEARLS;SEASHELLS;9996.0;2
60400;;;PEARLS;SEASHELLS;9996.0;5
60600;;;BANANAS;SEASHELLS;4872.0;1
60600;;;PEARLS;SEASHELLS;9996.0;1
60700;;;BANANAS;SEASHELLS;4872.0;1
60800;;;BANANAS;SEASHELLS;4878.0;1
61000;;;PEARLS;SEASHELLS;9998.0;1
61100;;;BANANAS;SEASHELLS;4874.0;4
61200;;;BANANAS;SEASHELLS;4874.0;1
61500;;;BANANAS;SEASHELLS;4878.0;1
62600;;;BANANAS;SEASHELLS;4879.0;12
62700;;;PEARLS;SEASHELLS;9998.0;1
62800;;;PEARLS;SEASHELLS;9995.0;12
63000;;;BANANAS;SEASHELLS;4875.0;9
63100;;;PEARLS;SEASHELLS;9998.0;1
63100;;;PINA_COLADAS;SEASHELLS;14962.0;13
63300;;;PEARLS;SEASHELLS;10002.0;1
63300;;;PEARLS;SEASHELLS;10002.0;4
63300;;;BANANAS;SEASHELLS;4880.0;1
63600;;;BANANAS;SEASHELLS;4880.0;1
64600;;;PEARLS;SEASHELLS;9996.0;2
64900;;;PEARLS;SEASHELLS;9998.0;4
65000;;;BANANAS;SEASHELLS;4880.0;1
65200;;;BANANAS;SEASHELLS;4874.0;1
65400;;;BANANAS;SEASHELLS;4880.0;1
65700;;;BANANAS;SEASHELLS;4882.0;5
65700;;;BANANAS;SEASHELLS;4875.0;1
65800;;;PEARLS;SEASHELLS;10002.0;1
66000;;;COCONUTS;SEASHELLS;7971.0;16
66100;;;BANANAS;SEASHELLS;4881.0;2
66100;;;PEARLS;SEASHELLS;10004.0;2
66200;;;PEARLS;SEASHELLS;10002.0;1
66300;;;BANANAS;SEASHELLS;4879.0;5
66600;;;PEARLS;SEASHELLS;10002.0;2
66700;;;BANANAS;SEASHELLS;4877.0;2
67300;;;BANANAS;SEASHELLS;4873.0;8
67300;;;BANANAS;SEASHELLS;4873.0;1
67400;;;PEARLS;SEASHELLS;9996.0;1
67400;;;PEARLS;SEASHELLS;9996.0;4
67800;;;BANANAS;SEASHELLS;4872.0;16
67800;;;PEARLS;SEASHELLS;9996.0;3
67800;;;PEARLS;SEASHELLS;9996.0;2
68000;;;BANANAS;SEASHELLS;4878.0;1
68000;;;PEARLS;SEASHELLS;10002.0;1
68200;;;BANANAS;SEASHELLS;4875.0;2
68200;;;PEARLS;SEASHELLS;9998.0;1
68300;;;BANANAS;SEASHELLS;4874.0;8
68400;;;PEARLS;SEASHELLS;10002.0;1
68500;;;PEARLS;SEASHELLS;10004.0;1
68500;;;BANANAS;SEASHELLS;4879.0;1
68600;;;PEARLS;SEASHELLS;9998.0;1
68900;;;BANANAS;SEASHELLS;4878.0;4
69100;;;PEARLS;SEASHELLS;9996.0;1
69100;;;BANANAS;SEASHELLS;4874.0;1
69900;;;PEARLS;SEASHELLS;10002.0;1
70100;;;BANANAS;SEASHELLS;4874.0;1
70200;;;COCONUTS;SEASHELLS;7968.0;56
70300;;;BANANAS;SEASHELLS;4880.0;1
70300;;;PEARLS;SEASHELLS;10004.0;1
70300;;;COCONUTS;SEASHELLS;7970.0;7
70700;;;PEARLS;SEASHELLS;10005.0;1
70700;;;BANANAS;SEASHELLS;4881.0;1
70900;;;BANANAS;SEASHELLS;4874.0;1
71000;;;BANANAS;SEASHELLS;4879.0;1
71000;;;PEARLS;SEASHELLS;9998.0;8
71100;;;PEARLS;SEASHELLS;9998.0;4
71200;;;PEARLS;SEASHELLS;9998.0;1
71400;;;PEARLS;SEASHELLS;10002.0;2
71600;;;BANANAS;SEASHELLS;4874.0;3
71700;;;BANANAS;SEASHELLS;4873.0;1
71700;;;PEARLS;SEASHELLS;9998.0;1
71700;;;PEARLS;SEASHELLS;9996.0;1
71900;;;BANANAS;SEASHELLS;4875.0;1
72100;;;PEARLS;SEASHELLS;9998.0;1
72200;;;PEARLS;SEASHELLS;9998.0;1
72600;;;BANANAS;SEASHELLS;4880.0;4
73100;;;COCONUTS;SEASHELLS;7967.0;27
73400;;;PEARLS;SEASHELLS;10002.0;1
73600;;;PEARLS;SEASHELLS;9995.0;2
73600;;;BANANAS;SEASHELLS;4877.0;2
73700;;;PEARLS;SEASHELLS;10002.0;4
73800;;;BANANAS;SEASHELLS;4884.0;16
73900;;;BANANAS;SEASHELLS;4884.0;2
73900;;;PEARLS;SEASHELLS;10005.0;2
74000;;;BANANAS;SEASHELLS;4878.0;2
74000;;;PEARLS;SEASHELLS;9998.0;1
74100;;;BANANAS;SEASHELLS;4878.0;5
74200;;;BANANAS;SEASHELLS;4882.0;1
74200;;;PEARLS;SEASHELLS;10002.0;1
74200;;;BANANAS;SEASHELLS;4882.0;1
74200;;;PEARLS;SEASHELLS;10002.0;1
74300;;;PEARLS;SEASHELLS;9998.0;1
74300;;;BANANAS;SEASHELLS;4883.0;1
74300;;;PEARLS;SEASHELLS;10004.0;1
74500;;;BANANAS;SEASHELLS;4883.0;1
74500;;;BANANAS;SEASHELLS;4882.0;1
74600;;;PEARLS;SEASHELLS;9998.0;2
75000;;;BANANAS;SEASHELLS;4877.0;1
75000;;;COCONUTS;SEASHELLS;7962.0;79
75000;;;PEARLS;SEASHELLS;9998.0;4
75000;;;PEARLS;SEASHELLS;9996.0;1
75000;;;COCONUTS;SEASHELLS;7962.0;1
75500;;;BANANAS;SEASHELLS;4877.0;1
75500;;;PEARLS;SEASHELLS;9996.0;1
75700;;;BANANAS;SEASHELLS;4883.0;2
75700;;;PEARLS;SEASHELLS;10004.0;2
75700;;;BANANAS;SEASHELLS;4883.0;7
75800;;;BANANAS;SEASHELLS;4876.0;3
75800;;;BANANAS;SEASHELLS;4882.0;1
75900;;;BANANAS;SEASHELLS;4878.0;3
76500;;;BANANAS;SEASHELLS;4877.0;12
76600;;;BANANAS;SEASHELLS;4884.0;2
76700;;;PEARLS;SEASHELLS;9998.0;2
76700;;;BANANAS;SEASHELLS;4878.0;1
76700;;;BANANAS;SEASHELLS;4880.0;2
76800;;;COCONUTS;SEASHELLS;7964.0;47
76900;;;BANANAS;SEASHELLS;4877.0;1
77300;;;BANANAS;SEASHELLS;4878.0;1
77800;;;COCONUTS;SEASHELLS;7958.0;26
77900;;;BANANAS;SEASHELLS;4885.0;1
78200;;;PEARLS;SEASHELLS;10002.0;1
78200;;;BANANAS;SEASHELLS;4886.0;1
78400;;;COCONUTS;SEASHELLS;7957.0;5
78500;;;PEARLS;SEASHELLS;10004.0;1
78500;;;PEARLS;SEASHELLS;10004.0;2
78700;;;PEARLS;SEASHELLS;9996.0;5
78700;;;PEARLS;SEASHELLS;9996.0;1
78800;;;BANANAS;SEASHELLS;4884.0;3
79200;;;PEARLS;SEASHELLS;10002.0;3
79400;;;BANANAS;SEASHELLS;4879.0;19
79400;;;PEARLS;SEASHELLS;10005.0;1
79400;;;BANANAS;SEASHELLS;4886.0;1
79500;;;PEARLS;SEASHELLS;10004.0;2
79500;;;BANANAS;SEASHELLS;4880.0;1
79700;;;BANANAS;SEASHELLS;4880.0;4
80000;;;BANANAS;SEASHELLS;4879.0;1
80100;;;PEARLS;SEASHELLS;9996.0;1
80100;;;BANANAS;SEASHELLS;4879.0;1
80500;;;BANANAS;SEASHELLS;4884.0;1
80500;;;PEARLS;SEASHELLS;9998.0;1
81200;;;BANANAS;SEASHELLS;4883.0;2
81200;;;PEARLS;SEASHELLS;10002.0;2
81300;;;PEARLS;SEASHELLS;10004.0;2
81300;;;BANANAS;SEASHELLS;4884.0;2
81300;;;PEARLS;SEASHELLS;10002.0;1
81300;;;BANANAS;SEASHELLS;4883.0;1
81500;;;PEARLS;SEASHELLS;9998.0;1
81600;;;PEARLS;SEASHELLS;10002.0;1
82000;;;PEARLS;SEASHELLS;10002.0;1
82100;;;PEARLS;SEASHELLS;9998.0;4
82200;;;BANANAS;SEASHELLS;4879.0;20
82300;;;PEARLS;SEASHELLS;10004.0;2
82300;;;PEARLS;SEASHELLS;10004.0;7
82400;;;BANANAS;SEASHELLS;4879.0;14
82500;;;PEARLS;SEASHELLS;9998.0;3
82800;;;BANANAS;SEASHELLS;4884.0;4
82900;;;BANANAS;SEASHELLS;4886.0;16
83100;;;PEARLS;SEASHELLS;9998.0;5
83600;;;PEARLS;SEASHELLS;9998.0;1
83600;;;BANANAS;SEASHELLS;4883.0;1
83600;;;PEARLS;SEASHELLS;9998.0;1
83600;;;BANANAS;SEASHELLS;4883.0;1
83800;;;PEARLS;SEASHELLS;9998.0;2
83800;;;PEARLS;SEASHELLS;9995.0;11
84000;;;BANANAS;SEASHELLS;4883.0;1
84700;;;PEARLS;SEASHELLS;10002.0;2
84700;;;PEARLS;SEASHELLS;10002.0;1
84900;;;BANANAS;SEASHELLS;4886.0;5
85100;;;PEARLS;SEASHELLS;9996.0;1
85500;;;BANANAS;SEASHELLS;4886.0;1
85900;;;PEARLS;SEASHELLS;9998.0;8
85900;;;PEARLS;SEASHELLS;10002.0;1
86000;;;BANANAS;SEASHELLS;4882.0;1
86100;;;BANANAS;SEASHELLS;4882.0;1
86100;;;PINA_COLADAS;SEASHELLS;14954.0;2
86200;;;BANANAS;SEASHELLS;4885.0;1
86200;;;BANANAS;SEASHELLS;4885.0;3
86600;;;BANANAS;SEASHELLS;4882.0;1
86600;;;PEARLS;SEASHELLS;10002.0;1
86700;;;BANANAS;SEASHELLS;4882.0;1
86900;;;PINA_COLADAS;SEASHELLS;14952.0;5
87000;;;BANANAS;SEASHELLS;4882.0;1
87000;;;PEARLS;SEASHELLS;9996.0;1
87200;;;COCONUTS;SEASHELLS;7969.0;18
87300;;;PEARLS;SEASHELLS;9996.0;5
87300;;;PEARLS;SEASHELLS;9996.0;2
87400;;;BANANAS;SEASHELLS;4883.0;1
87600;;;BANANAS;SEASHELLS;4889.0;1
87700;;;BANANAS;SEASHELLS;4885.0;5
87800;;;PEARLS;SEASHELLS;9998.0;1
87900;;;BANANAS;SEASHELLS;4889.0;1
88000;;;PEARLS;SEASHELLS;10002.0;1
88200;;;PEARLS;SEASHELLS;9998.0;1
88200;;;PEARLS;SEASHELLS;9998.0;2
88200;;;BANANAS;SEASHELLS;4886.0;1
88200;;;BANANAS;SEASHELLS;4886.0;1
88500;;;PEARLS;SEASHELLS;10005.0;1
88500;;;BANANAS;SEASHELLS;4890.0;1
89100;;;BANANAS;SEASHELLS;4885.0;1
89300;;;BANANAS;SEASHELLS;4885.0;4
89500;;;BANANAS;SEASHELLS;4885.0;19
89800;;;BANANAS;SEASHELLS;4890.0;1
89900;;;BANANAS;SEASHELLS;4892.0;1
89900;;;PEARLS;SEASHELLS;10004.0;1
90100;;;PEARLS;SEASHELLS;9998.0;1
90200;;;PEARLS;SEASHELLS;10004.0;1
90200;;;BANANAS;SEASHELLS;4892.0;1
90300;;;BANANAS;SEASHELLS;4893.0;2
90300;;;PEARLS;SEASHELLS;10005.0;2
90500;;;PINA_COLADAS;SEASHELLS;14945.0;3
90500;;;BANANAS;SEASHELLS;4893.0;1
90500;;;PEARLS;SEASHELLS;10004.0;1
90600;;;BANANAS;SEASHELLS;4887.0;2
90600;;;BANANAS;SEASHELLS;4886.0;15
90700;;;PEARLS;SEASHELLS;10005.0;1
90700;;;BANANAS;SEASHELLS;4893.0;1
91000;;;PEARLS;SEASHELLS;10002.0;1
91600;;;BANANAS;SEASHELLS;4886.0;1
91700;;;COCONUTS;SEASHELLS;7962.0;39
91700;;;COCONUTS;SEASHELLS;7962.0;40
91800;;;BANANAS;SEASHELLS;4886.0;1
91900;;;PINA_COLADAS;SEASHELLS;14943.0;29
92200;;;PEARLS;SEASHELLS;10002.0;3
92300;;;BANANAS;SEASHELLS;4885.0;1
92300;;;BANANAS;SEASHELLS;4891.0;1
92300;;;PEARLS;SEASHELLS;10004.0;1
92400;;;PEARLS;SEASHELLS;10002.0;2
92400;;;BANANAS;SEASHELLS;4889.0;2
93100;;;PEARLS;SEASHELLS;10002.0;1
93600;;;BANANAS;SEASHELLS;4887.0;1
93600;;;PEARLS;SEASHELLS;9998.0;1
94400;;;COCONUTS;SEASHELLS;7965.0;21
94700;;;BANANAS;SEASHELLS;4885.0;1
94800;;;PEARLS;SEASHELLS;9996.0;1
94800;;;BANANAS;SEASHELLS;4880.0;2
94800;;;PEARLS;SEASHELLS;9996.0;1
95100;;;BANANAS;SEASHELLS;4885.0;1
95300;;;BANANAS;SEASHELLS;4886.0;1
95600;;;PEARLS;SEASHELLS;9998.0;1
95700;;;PEARLS;SEASHELLS;10002.0;7
95800;;;PEARLS;SEASHELLS;9998.0;1
95800;;;BANANAS;SEASHELLS;4880.0;1
95900;;;BANANAS;SEASHELLS;4885.0;1
95900;;;BANANAS;SEASHELLS;4887.0;12
96000;;;BANANAS;SEASHELLS;4885.0;1
96100;;;BANANAS;SEASHELLS;4880.0;1
96100;;;PEARLS;SEASHELLS;10002.0;2
96100;;;BANANAS;SEASHELLS;4885.0;2
96300;;;BANANAS;SEASHELLS;4886.0;2
96600;;;BANANAS;SEASHELLS;4879.0;1
96800;;;COCONUTS;SEASHELLS;7973.0;45
97000;;;BANANAS;SEASHELLS;4880.0;10
97100;;;COCONUTS;SEASHELLS;7977.0;7
97200;;;BANANAS;SEASHELLS;4883.0;9
97900;;;PEARLS;SEASHELLS;10002.0;3
98000;;;PEARLS;SEASHELLS;10004.0;3
98000;;;PEARLS;SEASHELLS;10004.0;2
98100;;;PEARLS;SEASHELLS;9998.0;1
98100;;;BANANAS;SEASHELLS;4879.0;1
98500;;;PEARLS;SEASHELLS;9998.0;1
98600;;;PEARLS;SEASHELLS;10005.0;9
98900;;;PEARLS;SEASHELLS;10004.0;1
98900;;;PEARLS;SEASHELLS;10005.0;2
99100;;;PINA_COLADAS;SEASHELLS;14966.0;6
99200;;;BANANAS;SEASHELLS;4879.0;2
99200;;;PEARLS;SEASHELLS;9995.0;2
99300;;;BANANAS;SEASHELLS;4884.0;1
99300;;;PEARLS;SEASHELLS;9998.0;1
99500;;;PEARLS;SEASHELLS;9998.0;3
99500;;;BANANAS;SEASHELLS;4886.0;14
99600;;;BANANAS;SEASHELLS;4881.0;1
99700;;;BANANAS;SEASHELLS;4881.0;2
99700;;;PEARLS;SEASHELLS;9995.0;2
99900;;;BANANAS;SEASHELLS;4879.0;1
100200;;;PINA_COLADAS;SEASHELLS;14961.0;11
100400;;;PEARLS;SEASHELLS;10002.0;1
100600;;;PEARLS;SEASHELLS;10002.0;1
100700;;;PEARLS;SEASHELLS;9998.0;6
100700;;;PEARLS;SEASHELLS;9998.0;1
100700;;;PEARLS;SEASHELLS;9998.0;1
101400;;;BANANAS;SEASHELLS;4886.0;1
101500;;;BANANAS;SEASHELLS;4886.0;1
101900;;;BANANAS;SEASHELLS;4886.0;1
102200;;;BANANAS;SEASHELLS;4880.0;6
102400;;;COCONUTS;SEASHELLS;7984.0;8
102500;;;PEARLS;SEASHELLS;9998.0;1
102500;;;BANANAS;SEASHELLS;4885.0;2
102700;;;PEARLS;SEASHELLS;9998.0;1
102800;;;BANANAS;SEASHELLS;4882.0;5
102900;;;PEARLS;SEASHELLS;9995.0;6
103300;;;COCONUTS;SEASHELLS;7984.0;68
103400;;;BANANAS;SEASHELLS;4880.0;1
103600;;;PEARLS;SEASHELLS;10002.0;2
103700;;;PEARLS;SEASHELLS;10004.0;1
104400;;;BANANAS;SEASHELLS;4888.0;2
104400;;;PEARLS;SEASHELLS;10005.0;2
104400;;;PEARLS;SEASHELLS;10002.0;1
104500;;;PEARLS;SEASHELLS;9996.0;2
104500;;;BANANAS;SEASHELLS;4881.0;2
104600;;;PEARLS;SEASHELLS;9996.0;6
104600;;;PEARLS;SEASHELLS;9996.0;2
104800;;;BANANAS;SEASHELLS;4886.0;1
104900;;;BANANAS;SEASHELLS;4888.0;1
105200;;;PEARLS;SEASHELLS;10002.0;1
105300;;;PEARLS;SEASHELLS;9998.0;1
105800;;;PINA_COLADAS;SEASHELLS;14977.0;22
105800;;;BANANAS;SEASHELLS;4884.0;2
105800;;;PEARLS;SEASHELLS;9995.0;2
105900;;;BANANAS;SEASHELLS;4890.0;1
106300;;;PEARLS;SEASHELLS;10002.0;5
106300;;;BANANAS;SEASHELLS;4886.0;3
106500;;;BANANAS;SEASHELLS;4889.0;1
106800;;;PEARLS;SEASHELLS;10002.0;1
107500;;;COCONUTS;SEASHELLS;7982.0;6
107500;;;PEARLS;SEASHELLS;10002.0;3
108400;;;BANANAS;SEASHELLS;4885.0;6
108400;;;PEARLS;SEASHELLS;9998.0;5
108500;;;COCONUTS;SEASHELLS;7981.0;5
108600;;;PEARLS;SEASHELLS;9998.0;4
108900;;;PEARLS;SEASHELLS;9998.0;1
109000;;;PEARLS;SEASHELLS;9998.0;1
109200;;;PINA_COLADAS;SEASHELLS;14978.0;3
109400;;;PEARLS;SEASHELLS;10002.0;7
109400;;;BANANAS;SEASHELLS;4882.0;1
109500;;;PEARLS;SEASHELLS;9995.0;10
109500;;;BANANAS;SEASHELLS;4881.0;1
110100;;;BANANAS;SEASHELLS;4885.0;10
110600;;;PEARLS;SEASHELLS;10002.0;1
110700;;;PEARLS;SEASHELLS;10002.0;1
110800;;;BANANAS;SEASHELLS;4886.0;1
110900;;;BANANAS;SEASHELLS;4887.0;1
110900;;;PEARLS;SEASHELLS;10004.0;1
110900;;;BANANAS;SEASHELLS;4889.0;2
110900;;;PEARLS;SEASHELLS;10004.0;1
111100;;;PEARLS;SEASHELLS;10004.0;1
111100;;;BANANAS;SEASHELLS;4888.0;1
111100;;;BANANAS;SEASHELLS;4888.0;1
111100;;;PEARLS;SEASHELLS;10004.0;1
111200;;;PEARLS;SEASHELLS;10002.0;6
111500;;;BANANAS;SEASHELLS;4882.0;1
111600;;;BANANAS;SEASHELLS;4882.0;1
111900;;;PEARLS;SEASHELLS;10002.0;3
112000;;;PEARLS;SEASHELLS;10004.0;1
112000;;;BANANAS;SEASHELLS;4888.0;1
112400;;;PEARLS;SEASHELLS;9995.0;6
113500;;;PEARLS;SEASHELLS;9998.0;1
113700;;;PEARLS;SEASHELLS;10002.0;1
113700;;;BANANAS;SEASHELLS;4884.0;1
113900;;;BANANAS;SEASHELLS;4885.0;1
114000;;;BANANAS;SEASHELLS;4880.0;5
114000;;;BANANAS;SEASHELLS;4880.0;4
114000;;;BANANAS;SEASHELLS;4880.0;1
114100;;;PEARLS;SEASHELLS;10002.0;4
114300;;;PEARLS;SEASHELLS;10002.0;6
114400;;;BANANAS;SEASHELLS;4880.0;4
114800;;;PINA_COLADAS;SEASHELLS;14962.0;8
114800;;;PEARLS;SEASHELLS;9998.0;1
115000;;;BANANAS;SEASHELLS;4887.0;11
115000;;;PEARLS;SEASHELLS;10004.0;1
115400;;;BANANAS;SEASHELLS;4885.0;1
115500;;;BANANAS;SEASHELLS;4881.0;1
115900;;;BANANAS;SEASHELLS;4888.0;2
115900;;;PEARLS;SEASHELLS;10000.0;2
115900;;;BANANAS;SEASHELLS;4886.0;3
116200;;;BANANAS;SEASHELLS;4881.0;18
116600;;;COCONUTS;SEASHELLS;7969.0;49
116800;;;PEARLS;SEASHELLS;10002.0;1
117100;;;PEARLS;SEASHELLS;9998.0;3
117100;;;PEARLS;SEASHELLS;9998.0;1
117400;;;PEARLS;SEASHELLS;9996.0;7
117400;;;PEARLS;SEASHELLS;9996.0;1
117500;;;BANANAS;SEASHELLS;4882.0;1
117900;;;BANANAS;SEASHELLS;4882.0;16
118300;;;BANANAS;SEASHELLS;4885.0;1
118300;;;PEARLS;SEASHELLS;9995.0;1
118500;;;COCONUTS;SEASHELLS;7963.0;21
118700;;;PEARLS;SEASHELLS;10002.0;1
119100;;;BANANAS;SEASHELLS;4880.0;4
119400;;;PEARLS;SEASHELLS;10002.0;1
119600;;;PEARLS;SEASHELLS;10004.0;1
119600;;;PEARLS;SEASHELLS;10004.0;1
119600;;;BANANAS;SEASHELLS;4886.0;2
120000;;;BANANAS;SEASHELLS;4879.0;1
120000;;;PEARLS;SEASHELLS;9998.0;1
120300;;;PEARLS;SEASHELLS;9998.0;1
120600;;;BANANAS;SEASHELLS;4877.0;1
120700;;;PEARLS;SEASHELLS;9998.0;1
120800;;;BANANAS;SEASHELLS;4877.0;1
120800;;;PEARLS;SEASHELLS;10002.0;5
120900;;;PEARLS;SEASHELLS;9998.0;1
121000;;;PEARLS;SEASHELLS;9998.0;6
121000;;;PEARLS;SEASHELLS;9998.0;2
121300;;;PEARLS;SEASHELLS;9998.0;1
121500;;;COCONUTS;SEASHELLS;7957.0;21
122200;;;BANANAS;SEASHELLS;4877.0;15
122200;;;PEARLS;SEASHELLS;9998.0;1
122200;;;BANANAS;SEASHELLS;4878.0;1
122500;;;BANANAS;SEASHELLS;4882.0;4
122600;;;BANANAS;SEASHELLS;4877.0;1
123200;;;BANANAS;SEASHELLS;4881.0;1
123500;;;BANANAS;SEASHELLS;4874.0;7
123500;;;PEARLS;SEASHELLS;10002.0;5
123500;;;BANANAS;SEASHELLS;4875.0;1
123600;;;BANANAS;SEASHELLS;4875.0;2
123600;;;PEARLS;SEASHELLS;9995.0;2
123700;;;BANANAS;SEASHELLS;4880.0;1
123700;;;PEARLS;SEASHELLS;10002.0;1
124000;;;PEARLS;SEASHELLS;10002.0;1
124000;;;BANANAS;SEASHELLS;4880.0;1
124300;;;PEARLS;SEASHELLS;9998.0;1
124300;;;BANANAS;SEASHELLS;4876.0;1
124500;;;PEARLS;SEASHELLS;9998.0;1
124900;;;PEARLS;SEASHELLS;10002.0;2
125500;;;BANANAS;SEASHELLS;4874.0;1
126100;;;PINA_COLADAS;SEASHELLS;14925.0;5
126500;;;BANANAS;SEASHELLS;4878.0;1
126700;;;BANANAS;SEASHELLS;4878.0;1
127000;;;BANANAS;SEASHELLS;4874.0;1
127100;;;COCONUTS;SEASHELLS;7955.0;6
127400;;;PEARLS;SEASHELLS;9998.0;5
127400;;;PEARLS;SEASHELLS;9998.0;0
127400;;;PEARLS;SEASHELLS;9998.0;1
127400;;;PEARLS;SEASHELLS;9998.0;1
127600;;;PEARLS;SEASHELLS;10002.0;1
127600;;;BANANAS;SEASHELLS;4874.0;1
128000;;;PEARLS;SEASHELLS;10002.0;4
128500;;;COCONUTS;SEASHELLS;7951.0;8
128800;;;BANANAS;SEASHELLS;4873.0;1
129000;;;BANANAS;SEASHELLS;4873.0;1
129600;;;PEARLS;SEASHELLS;10002.0;1
129700;;;PEARLS;SEASHELLS;10005.0;2
129700;;;BANANAS;SEASHELLS;4878.0;2
129800;;;BANANAS;SEASHELLS;4876.0;5
129900;;;BANANAS;SEASHELLS;4872.0;1
130000;;;PEARLS;SEASHELLS;9998.0;1
130300;;;PEARLS;SEASHELLS;9998.0;1
130300;;;BANANAS;SEASHELLS;4875.0;1
130500;;;PEARLS;SEASHELLS;9998.0;1
130600;;;PEARLS;SEASHELLS;10002.0;1
130700;;;BANANAS;SEASHELLS;4870.0;12
131000;;;BANANAS;SEASHELLS;4874.0;1
131100;;;BANANAS;SEASHELLS;4870.0;1
131300;;;BANANAS;SEASHELLS;4874.0;2
131800;;;PEARLS;SEASHELLS;9996.0;1
132100;;;BANANAS;SEASHELLS;4875.0;5
132100;;;BANANAS;SEASHELLS;4876.0;1
132100;;;PEARLS;SEASHELLS;10002.0;1
132200;;;PEARLS;SEASHELLS;10004.0;2
132200;;;BANANAS;SEASHELLS;4871.0;1
132200;;;PEARLS;SEASHELLS;10004.0;6
132300;;;COCONUTS;SEASHELLS;7953.0;47
132400;;;BANANAS;SEASHELLS;4871.0;15
132500;;;BANANAS;SEASHELLS;4871.0;1
132500;;;PEARLS;SEASHELLS;10002.0;1
132600;;;PEARLS;SEASHELLS;9998.0;1
133300;;;BANANAS;SEASHELLS;4875.0;2
133500;;;BANANAS;SEASHELLS;4876.0;8
133800;;;BANANAS;SEASHELLS;4870.0;19
134000;;;PEARLS;SEASHELLS;9996.0;3
134000;;;BANANAS;SEASHELLS;4871.0;1
134000;;;PEARLS;SEASHELLS;9996.0;2
134200;;;PEARLS;SEASHELLS;9998.0;1
134200;;;BANANAS;SEASHELLS;4877.0;1
134400;;;BANANAS;SEASHELLS;4876.0;1
134400;;;PEARLS;SEASHELLS;10004.0;1
134400;;;PEARLS;SEASHELLS;10004.0;1
134400;;;BANANAS;SEASHELLS;4877.0;2
134900;;;PINA_COLADAS;SEASHELLS;14914.0;2
135200;;;PEARLS;SEASHELLS;10002.0;1
135200;;;BANANAS;SEASHELLS;4875.0;1
135700;;;PEARLS;SEASHELLS;9995.0;2
136000;;;COCONUTS;SEASHELLS;7947.0;9
136500;;;BANANAS;SEASHELLS;4871.0;2
136600;;;BANANAS;SEASHELLS;4869.0;1
136900;;;PEARLS;SEASHELLS;10002.0;2
136900;;;PINA_COLADAS;SEASHELLS;14907.0;3
136900;;;BANANAS;SEASHELLS;4872.0;2
136900;;;BANANAS;SEASHELLS;4868.0;1
137200;;;PEARLS;SEASHELLS;10002.0;1
137200;;;BANANAS;SEASHELLS;4868.0;1
137500;;;BANANAS;SEASHELLS;4874.0;2
137500;;;PINA_COLADAS;SEASHELLS;14899.0;8
137500;;;BANANAS;SEASHELLS;4873.0;7
137500;;;PEARLS;SEASHELLS;10002.0;2
137800;;;PEARLS;SEASHELLS;10002.0;4
137800;;;PEARLS;SEASHELLS;10002.0;1
138000;;;PEARLS;SEASHELLS;9998.0;1
138100;;;BANANAS;SEASHELLS;4868.0;10
138200;;;PEARLS;SEASHELLS;10004.0;2
138200;;;BANANAS;SEASHELLS;4867.0;2
138200;;;PEARLS;SEASHELLS;10004.0;2
138200;;;PEARLS;SEASHELLS;10004.0;6
138300;;;PEARLS;SEASHELLS;9995.0;2
138300;;;BANANAS;SEASHELLS;4868.0;2
138500;;;BANANAS;SEASHELLS;4867.0;5
139200;;;PEARLS;SEASHELLS;10002.0;1
139200;;;BANANAS;SEASHELLS;4873.0;1
139400;;;PEARLS;SEASHELLS;10004.0;1
139500;;;BANANAS;SEASHELLS;4870.0;1
139800;;;PEARLS;SEASHELLS;9998.0;1
140300;;;BANANAS;SEASHELLS;4877.0;16
140800;;;BANANAS;SEASHELLS;4872.0;1
141000;;;BANANAS;SEASHELLS;4872.0;12
141300;;;BANANAS;SEASHELLS;4878.0;1
141300;;;PEARLS;SEASHELLS;10004.0;1
141800;;;PEARLS;SEASHELLS;9998.0;1
141900;;;PEARLS;SEASHELLS;10002.0;10
142400;;;BANANAS;SEASHELLS;4871.0;1
142500;;;COCONUTS;SEASHELLS;7938.0;10
142600;;;BANANAS;SEASHELLS;4871.0;1
142800;;;BANANAS;SEASHELLS;4876.0;1
142800;;;PEARLS;SEASHELLS;9998.0;5
143200;;;PEARLS;SEASHELLS;10005.0;2
143200;;;BANANAS;SEASHELLS;4877.0;2
143300;;;PEARLS;SEASHELLS;10005.0;12
143300;;;BANANAS;SEASHELLS;4877.0;10
143400;;;BANANAS;SEASHELLS;4875.0;2
143500;;;COCONUTS;SEASHELLS;7937.0;9
143500;;;PEARLS;SEASHELLS;9998.0;5
143800;;;BANANAS;SEASHELLS;4871.0;2
143800;;;PEARLS;SEASHELLS;9998.0;2
144300;;;PEARLS;SEASHELLS;9995.0;1
144300;;;BANANAS;SEASHELLS;4876.0;1
144600;;;BANANAS;SEASHELLS;4871.0;5
145200;;;BANANAS;SEASHELLS;4875.0;1
145300;;;PEARLS;SEASHELLS;10002.0;1
146200;;;PEARLS;SEASHELLS;10004.0;2
146200;;;BANANAS;SEASHELLS;4876.0;2
146500;;;BANANAS;SEASHELLS;4869.0;1
146500;;;BANANAS;SEASHELLS;4875.0;2
146600;;;PEARLS;SEASHELLS;9998.0;1
146800;;;PEARLS;SEASHELLS;9998.0;6
147300;;;PEARLS;SEASHELLS;9998.0;1
147300;;;BANANAS;SEASHELLS;4869.0;14
147300;;;BANANAS;SEASHELLS;4869.0;2
147500;;;COCONUTS;SEASHELLS;7927.0;8
147500;;;PEARLS;SEASHELLS;9998.0;9
147800;;;BANANAS;SEASHELLS;4872.0;1
148000;;;BANANAS;SEASHELLS;4872.0;1
148300;;;BANANAS;SEASHELLS;4868.0;2
148300;;;BANANAS;SEASHELLS;4868.0;1
148400;;;PEARLS;SEASHELLS;10002.0;1
148600;;;PEARLS;SEASHELLS;9998.0;4
148600;;;PEARLS;SEASHELLS;9998.0;1
148900;;;BANANAS;SEASHELLS;4873.0;2
148900;;;PEARLS;SEASHELLS;10002.0;2
149000;;;PEARLS;SEASHELLS;9998.0;1
149300;;;BANANAS;SEASHELLS;4869.0;2
149300;;;PEARLS;SEASHELLS;9996.0;2
149500;;;BANANAS;SEASHELLS;4870.0;13
149600;;;PEARLS;SEASHELLS;9998.0;1
149700;;;PINA_COLADAS;SEASHELLS;14890.0;4
149700;;;PEARLS;SEASHELLS;10005.0;12
150500;;;PEARLS;SEASHELLS;9996.0;2
150500;;;BANANAS;SEASHELLS;4875.0;7
150500;;;PEARLS;SEASHELLS;9996.0;1
150900;;;PEARLS;SEASHELLS;10002.0;1
151000;;;BANANAS;SEASHELLS;4874.0;1
151400;;;BANANAS;SEASHELLS;4870.0;1
152400;;;PEARLS;SEASHELLS;10005.0;1
152400;;;BANANAS;SEASHELLS;4875.0;1
152600;;;PEARLS;SEASHELLS;9998.0;2
152600;;;BANANAS;SEASHELLS;4874.0;13
152600;;;BANANAS;SEASHELLS;4869.0;2
152800;;;BANANAS;SEASHELLS;4868.0;1
153200;;;BANANAS;SEASHELLS;4867.0;1
153300;;;BANANAS;SEASHELLS;4867.0;10
153300;;;BANANAS;SEASHELLS;4867.0;1
153600;;;PEARLS;SEASHELLS;10002.0;1
153700;;;BANANAS;SEASHELLS;4868.0;1
153700;;;PEARLS;SEASHELLS;9996.0;1
154000;;;BANANAS;SEASHELLS;4874.0;1
154200;;;COCONUTS;SEASHELLS;7935.0;8
154400;;;PEARLS;SEASHELLS;9998.0;1
154700;;;PEARLS;SEASHELLS;10002.0;1
154700;;;BANANAS;SEASHELLS;4874.0;1
155000;;;BANANAS;SEASHELLS;4870.0;8
155100;;;PEARLS;SEASHELLS;10005.0;2
155100;;;BANANAS;SEASHELLS;4870.0;1
155600;;;PEARLS;SEASHELLS;10002.0;1
155700;;;BANANAS;SEASHELLS;4873.0;5
156200;;;BANANAS;SEASHELLS;4869.0;7
156200;;;BANANAS;SEASHELLS;4869.0;3
156300;;;BANANAS;SEASHELLS;4874.0;1
156300;;;PEARLS;SEASHELLS;10005.0;1
156500;;;BANANAS;SEASHELLS;4868.0;1
156700;;;PEARLS;SEASHELLS;10002.0;1
157100;;;PEARLS;SEASHELLS;9998.0;6
157500;;;BANANAS;SEASHELLS;4873.0;1
157500;;;PEARLS;SEASHELLS;9998.0;1
157700;;;BANANAS;SEASHELLS;4871.0;1
158000;;;COCONUTS;SEASHELLS;7935.0;20
158200;;;BANANAS;SEASHELLS;4868.0;3
158300;;;BANANAS;SEASHELLS;4867.0;4
158400;;;PEARLS;SEASHELLS;9998.0;1
158900;;;COCONUTS;SEASHELLS;7941.0;48
158900;;;BANANAS;SEASHELLS;4866.0;6
158900;;;COCONUTS;SEASHELLS;7941.0;7
159600;;;BANANAS;SEASHELLS;4866.0;1
159700;;;BANANAS;SEASHELLS;4870.0;9
159800;;;BANANAS;SEASHELLS;4865.0;6
159800;;;BANANAS;SEASHELLS;4865.0;2
159900;;;BANANAS;SEASHELLS;4865.0;9
160200;;;PEARLS;SEASHELLS;9998.0;1
160500;;;PEARLS;SEASHELLS;9996.0;1
160500;;;PEARLS;SEASHELLS;9996.0;6
160500;;;BANANAS;SEASHELLS;4872.0;1
161300;;;PEARLS;SEASHELLS;10004.0;2
161300;;;BANANAS;SEASHELLS;4871.0;2
161400;;;PEARLS;SEASHELLS;9998.0;1
161800;;;BANANAS;SEASHELLS;4864.0;1
161900;;;PEARLS;SEASHELLS;10002.0;4
162100;;;BANANAS;SEASHELLS;4865.0;1
162200;;;BANANAS;SEASHELLS;4865.0;1
162400;;;BANANAS;SEASHELLS;4865.0;1
162500;;;PEARLS;SEASHELLS;10004.0;2
163000;;;BANANAS;SEASHELLS;4866.0;1
163000;;;PINA_COLADAS;SEASHELLS;14888.0;20
163300;;;PEARLS;SEASHELLS;10002.0;1
163400;;;COCONUTS;SEASHELLS;7943.0;52
163500;;;PEARLS;SEASHELLS;10004.0;6
163500;;;PEARLS;SEASHELLS;10004.0;1
163600;;;BANANAS;SEASHELLS;4871.0;1
163800;;;BANANAS;SEASHELLS;4867.0;10
163900;;;BANANAS;SEASHELLS;4871.0;1
164400;;;PINA_COLADAS;SEASHELLS;14897.0;15
164400;;;BANANAS;SEASHELLS;4867.0;1
164500;;;BANANAS;SEASHELLS;4873.0;16
164700;;;PEARLS;SEASHELLS;10002.0;6
164700;;;PEARLS;SEASHELLS;10002.0;6
164900;;;COCONUTS;SEASHELLS;7939.0;49
165000;;;PEARLS;SEASHELLS;9996.0;5
165000;;;PEARLS;SEASHELLS;9996.0;1
165200;;;BANANAS;SEASHELLS;4873.0;0
165200;;;BANANAS;SEASHELLS;4873.0;10
165200;;;BANANAS;SEASHELLS;4873.0;1
165200;;;PEARLS;SEASHELLS;9998.0;2
165200;;;BANANAS;SEASHELLS;4873.0;1
165600;;;PEARLS;SEASHELLS;10002.0;3
166000;;;PEARLS;SEASHELLS;10002.0;1
166900;;;BANANAS;SEASHELLS;4866.0;2
167300;;;PEARLS;SEASHELLS;9998.0;3
167500;;;PINA_COLADAS;SEASHELLS;14891.0;20
167600;;;BANANAS;SEASHELLS;4863.0;1
167600;;;PEARLS;SEASHELLS;9998.0;1
167700;;;PEARLS;SEASHELLS;9998.0;1
167800;;;BANANAS;SEASHELLS;4866.0;2
167900;;;COCONUTS;SEASHELLS;7937.0;47
168700;;;BANANAS;SEASHELLS;4862.0;1
169100;;;PEARLS;SEASHELLS;9998.0;4
169500;;;PEARLS;SEASHELLS;10002.0;1
169600;;;BANANAS;SEASHELLS;4862.0;1
169700;;;BANANAS;SEASHELLS;4861.0;1
169700;;;PEARLS;SEASHELLS;9996.0;1
169900;;;PEARLS;SEASHELLS;10002.0;1
170100;;;PEARLS;SEASHELLS;9998.0;1
170400;;;BANANAS;SEASHELLS;4862.0;13
170800;;;PEARLS;SEASHELLS;10004.0;1
171000;;;BANANAS;SEASHELLS;4862.0;1
171000;;;PEARLS;SEASHELLS;10002.0;1
171100;;;COCONUTS;SEASHELLS;7944.0;9
171200;;;PEARLS;SEASHELLS;10004.0;1
171200;;;BANANAS;SEASHELLS;4868.0;1
171400;;;BANANAS;SEASHELLS;4862.0;4
171800;;;BANANAS;SEASHELLS;4866.0;1
171900;;;PEARLS;SEASHELLS;9998.0;1
172300;;;PEARLS;SEASHELLS;10002.0;3
172300;;;PEARLS;SEASHELLS;10002.0;1
172400;;;PINA_COLADAS;SEASHELLS;14911.0;5
172400;;;BANANAS;SEASHELLS;4861.0;1
172700;;;BANANAS;SEASHELLS;4862.0;3
172700;;;BANANAS;SEASHELLS;4862.0;1
173000;;;PEARLS;SEASHELLS;9998.0;3
173300;;;BANANAS;SEASHELLS;4862.0;1
173900;;;PEARLS;SEASHELLS;9995.0;4
174000;;;COCONUTS;SEASHELLS;7944.0;58
174100;;;PEARLS;SEASHELLS;9995.0;4
174200;;;PEARLS;SEASHELLS;9998.0;1
174700;;;PINA_COLADAS;SEASHELLS;14915.0;5
175000;;;COCONUTS;SEASHELLS;7942.0;40
175100;;;BANANAS;SEASHELLS;4865.0;1
175100;;;PEARLS;SEASHELLS;9996.0;2
175500;;;BANANAS;SEASHELLS;4859.0;2
175500;;;BANANAS;SEASHELLS;4860.0;1
175500;;;PEARLS;SEASHELLS;9995.0;2
175600;;;BANANAS;SEASHELLS;4859.0;1
175700;;;PEARLS;SEASHELLS;10002.0;1
175700;;;COCONUTS;SEASHELLS;7943.0;8
176100;;;PEARLS;SEASHELLS;10002.0;1
176200;;;BANANAS;SEASHELLS;4865.0;1
176300;;;PINA_COLADAS;SEASHELLS;14905.0;3
176400;;;PEARLS;SEASHELLS;9998.0;5
176400;;;BANANAS;SEASHELLS;4860.0;12
176900;;;PEARLS;SEASHELLS;10005.0;8
177200;;;BANANAS;SEASHELLS;4865.0;1
177300;;;PINA_COLADAS;SEASHELLS;14905.0;2
177600;;;BANANAS;SEASHELLS;4865.0;2
177600;;;PEARLS;SEASHELLS;10004.0;1
177600;;;BANANAS;SEASHELLS;4859.0;1
177600;;;PEARLS;SEASHELLS;10004.0;1
177700;;;BANANAS;SEASHELLS;4859.0;1
178400;;;COCONUTS;SEASHELLS;7941.0;10
178500;;;BANANAS;SEASHELLS;4860.0;1
178600;;;BANANAS;SEASHELLS;4866.0;1
179000;;;BANANAS;SEASHELLS;4861.0;11
179100;;;PINA_COLADAS;SEASHELLS;14912.0;7
179400;;;BANANAS;SEASHELLS;4866.0;1
179800;;;COCONUTS;SEASHELLS;7942.0;5
180000;;;PEARLS;SEASHELLS;10002.0;5
180000;;;BANANAS;SEASHELLS;4866.0;1
180200;;;BANANAS;SEASHELLS;4861.0;1
180600;;;PEARLS;SEASHELLS;10000.0;3
180700;;;PEARLS;SEASHELLS;9996.0;1
180900;;;PEARLS;SEASHELLS;9998.0;1
181000;;;COCONUTS;SEASHELLS;7945.0;17
181200;;;PEARLS;SEASHELLS;9996.0;2
181200;;;PEARLS;SEASHELLS;9996.0;4
181600;;;BANANAS;SEASHELLS;4862.0;2
181600;;;PEARLS;SEASHELLS;9995.0;2
182100;;;BANANAS;SEASHELLS;4861.0;1
182100;;;PEARLS;SEASHELLS;10004.0;2
182100;;;PEARLS;SEASHELLS;10002.0;5
182100;;;PEARLS;SEASHELLS;10004.0;3
182300;;;PEARLS;SEASHELLS;10005.0;7
182300;;;PEARLS;SEASHELLS;10005.0;8
182500;;;PEARLS;SEASHELLS;10002.0;3
182600;;;BANANAS;SEASHELLS;4866.0;4
182800;;;BANANAS;SEASHELLS;4862.0;9
182800;;;BANANAS;SEASHELLS;4866.0;1
183000;;;PEARLS;SEASHELLS;10004.0;1
183000;;;BANANAS;SEASHELLS;4867.0;1
183200;;;PEARLS;SEASHELLS;9998.0;1
183600;;;BANANAS;SEASHELLS;4861.0;1
183700;;;COCONUTS;SEASHELLS;7944.0;8
183800;;;BANANAS;SEASHELLS;4861.0;1
183800;;;PEARLS;SEASHELLS;10002.0;2
183800;;;PEARLS;SEASHELLS;10002.0;1
184200;;;PEARLS;SEASHELLS;9998.0;1
184300;;;BANANAS;SEASHELLS;4865.0;1
185100;;;BANANAS;SEASHELLS;4865.0;1
185100;;;PEARLS;SEASHELLS;10004.0;1
185100;;;PEARLS;SEASHELLS;10004.0;5
185200;;;BANANAS;SEASHELLS;4861.0;1
185300;;;BANANAS;SEASHELLS;4863.0;2
185300;;;PEARLS;SEASHELLS;9996.0;1
185300;;;BANANAS;SEASHELLS;4865.0;1
185300;;;PEARLS;SEASHELLS;9996.0;1
186000;;;PEARLS;SEASHELLS;9998.0;1
186000;;;BANANAS;SEASHELLS;4860.0;3
186000;;;PEARLS;SEASHELLS;9998.0;3
186300;;;BANANAS;SEASHELLS;4864.0;1
186500;;;PEARLS;SEASHELLS;10002.0;1
186600;;;PEARLS;SEASHELLS;9998.0;5
187000;;;BANANAS;SEASHELLS;4860.0;1
187000;;;PEARLS;SEASHELLS;10002.0;2
187000;;;PEARLS;SEASHELLS;10002.0;1
187100;;;BANANAS;SEASHELLS;4864.0;3
187100;;;BANANAS;SEASHELLS;4864.0;10
187400;;;BANANAS;SEASHELLS;4864.0;1
187500;;;BANANAS;SEASHELLS;4864.0;1
187600;;;PEARLS;SEASHELLS;10002.0;1
187800;;;PEARLS;SEASHELLS;9998.0;5
188100;;;PEARLS;SEASHELLS;10002.0;1
188300;;;BANANAS;SEASHELLS;4860.0;1
188300;;;PEARLS;SEASHELLS;9996.0;1
188400;;;PEARLS;SEASHELLS;10002.0;2
188500;;;BANANAS;SEASHELLS;4865.0;1
188700;;;PEARLS;SEASHELLS;10004.0;1
188700;;;PEARLS;SEASHELLS;10004.0;9
188900;;;PEARLS;SEASHELLS;10004.0;6
188900;;;PEARLS;SEASHELLS;10004.0;2
188900;;;PEARLS;SEASHELLS;10004.0;2
189200;;;BANANAS;SEASHELLS;4859.0;2
189200;;;BANANAS;SEASHELLS;4859.0;2
189700;;;BANANAS;SEASHELLS;4859.0;1
189800;;;BANANAS;SEASHELLS;4864.0;1
189900;;;COCONUTS;SEASHELLS;7937.0;54
190300;;;PEARLS;SEASHELLS;10004.0;9
190300;;;PEARLS;SEASHELLS;10004.0;1
190300;;;BANANAS;SEASHELLS;4860.0;2
190500;;;PINA_COLADAS;SEASHELLS;14907.0;4
190600;;;PEARLS;SEASHELLS;9996.0;1
190600;;;BANANAS;SEASHELLS;4864.0;1
190600;;;PEARLS;SEASHELLS;9996.0;7
190800;;;BANANAS;SEASHELLS;4865.0;1
191100;;;BANANAS;SEASHELLS;4866.0;4
191200;;;BANANAS;SEASHELLS;4866.0;6
191300;;;BANANAS;SEASHELLS;4863.0;1
191300;;;BANANAS;SEASHELLS;4863.0;2
191400;;;BANANAS;SEASHELLS;4864.0;2
191400;;;BANANAS;SEASHELLS;4864.0;1
191400;;;BANANAS;SEASHELLS;4864.0;6
191500;;;PEARLS;SEASHELLS;10004.0;1
191700;;;PINA_COLADAS;SEASHELLS;14905.0;3
191800;;;BANANAS;SEASHELLS;4859.0;2
191800;;;PEARLS;SEASHELLS;9995.0;2
192000;;;PEARLS;SEASHELLS;9998.0;1
192000;;;BANANAS;SEASHELLS;4866.0;1
192100;;;BANANAS;SEASHELLS;4866.0;1
192200;;;PEARLS;SEASHELLS;10002.0;1
192400;;;BANANAS;SEASHELLS;4867.0;2
192400;;;BANANAS;SEASHELLS;4861.0;1
192600;;;BANANAS;SEASHELLS;4865.0;1
192600;;;PEARLS;SEASHELLS;9998.0;1
192600;;;BANANAS;SEASHELLS;4865.0;1
192700;;;PEARLS;SEASHELLS;10002.0;4
192900;;;BANANAS;SEASHELLS;4867.0;1
193000;;;BANANAS;SEASHELLS;4868.0;15
193300;;;PEARLS;SEASHELLS;9998.0;1
194100;;;BANANAS;SEASHELLS;4860.0;1
194400;;;PEARLS;SEASHELLS;10002.0;1
194600;;;BANANAS;SEASHELLS;4865.0;1
195100;;;BANANAS;SEASHELLS;4867.0;1
195400;;;BANANAS;SEASHELLS;4867.0;1
195600;;;PEARLS;SEASHELLS;10002.0;1
195700;;;PEARLS;SEASHELLS;10002.0;1
195700;;;BANANAS;SEASHELLS;4867.0;1
196000;;;BANANAS;SEASHELLS;4863.0;7
196500;;;COCONUTS;SEASHELLS;7948.0;10
196600;;;COCONUTS;SEASHELLS;7949.0;54
196800;;;PEARLS;SEASHELLS;9995.0;1
196800;;;BANANAS;SEASHELLS;4860.0;1
197300;;;BANANAS;SEASHELLS;4865.0;3
197700;;;BANANAS;SEASHELLS;4866.0;1
198100;;;BANANAS;SEASHELLS;4868.0;16
198100;;;PEARLS;SEASHELLS;9995.0;6
198300;;;BANANAS;SEASHELLS;4866.0;1
198400;;;BANANAS;SEASHELLS;4861.0;1
198700;;;BANANAS;SEASHELLS;4860.0;1
198800;;;BANANAS;SEASHELLS;4859.0;10
198800;;;PEARLS;SEASHELLS;10004.0;2
198800;;;BANANAS;SEASHELLS;4866.0;2
198900;;;PINA_COLADAS;SEASHELLS;14917.0;22
199100;;;BANANAS;SEASHELLS;4865.0;1
199200;;;BANANAS;SEASHELLS;4860.0;1
199200;;;PEARLS;SEASHELLS;10002.0;1
199300;;;PEARLS;SEASHELLS;9998.0;1
199300;;;BANANAS;SEASHELLS;4866.0;1
199400;;;BANANAS;SEASHELLS;4860.0;1
199600;;;BANANAS;SEASHELLS;4867.0;2
199600;;;PEARLS;SEASHELLS;10004.0;2
199700;;;BANANAS;SEASHELLS;4866.0;9
200000;;;PEARLS;SEASHELLS;9996.0;2
200100;;;BANANAS;SEASHELLS;4867.0;1
200700;;;BANANAS;SEASHELLS;4865.0;9
200700;;;PEARLS;SEASHELLS;9998.0;1
200900;;;PEARLS;SEASHELLS;9996.0;5
200900;;;PEARLS;SEASHELLS;9996.0;1
201100;;;PEARLS;SEASHELLS;9998.0;1
201500;;;PEARLS;SEASHELLS;10002.0;1
201600;;;PEARLS;SEASHELLS;9998.0;1
201800;;;PEARLS;SEASHELLS;10002.0;1
202000;;;BANANAS;SEASHELLS;4863.0;4
202000;;;BANANAS;SEASHELLS;4863.0;5
202100;;;PINA_COLADAS;SEASHELLS;14923.0;6
202100;;;PEARLS;SEASHELLS;9998.0;1
202200;;;PEARLS;SEASHELLS;10002.0;2
202200;;;BANANAS;SEASHELLS;4862.0;2
202700;;;BANANAS;SEASHELLS;4858.0;14
202800;;;BANANAS;SEASHELLS;4858.0;1
202800;;;PEARLS;SEASHELLS;10002.0;1
203500;;;BANANAS;SEASHELLS;4859.0;2
203500;;;PEARLS;SEASHELLS;9996.0;1
203700;;;BANANAS;SEASHELLS;4858.0;3
204000;;;PEARLS;SEASHELLS;10004.0;1
204100;;;BANANAS;SEASHELLS;4862.0;1
204600;;;BANANAS;SEASHELLS;4857.0;1
204600;;;PEARLS;SEASHELLS;9996.0;1
205000;;;PINA_COLADAS;SEASHELLS;14944.0;23
205400;;;BANANAS;SEASHELLS;4863.0;1
205500;;;BANANAS;SEASHELLS;4864.0;1
205500;;;BANANAS;SEASHELLS;4859.0;1
205500;;;PEARLS;SEASHELLS;9996.0;1
205700;;;BANANAS;SEASHELLS;4860.0;1
206100;;;BANANAS;SEASHELLS;4860.0;1
206200;;;PEARLS;SEASHELLS;9998.0;1
206300;;;BANANAS;SEASHELLS;4866.0;1
206300;;;PEARLS;SEASHELLS;10004.0;1
206500;;;PEARLS;SEASHELLS;9995.0;1
206500;;;PEARLS;SEASHELLS;9996.0;11
206500;;;PEARLS;SEASHELLS;9996.0;1
206500;;;BANANAS;SEASHELLS;4861.0;1
207500;;;PEARLS;SEASHELLS;10002.0;1
207600;;;BANANAS;SEASHELLS;4864.0;1
207800;;;BANANAS;SEASHELLS;4858.0;1
207900;;;PEARLS;SEASHELLS;9998.0;1
207900;;;BANANAS;SEASHELLS;4859.0;1
208100;;;PEARLS;SEASHELLS;9998.0;6
208300;;;PEARLS;SEASHELLS;10005.0;9
208400;;;PEARLS;SEASHELLS;9996.0;1
208400;;;BANANAS;SEASHELLS;4864.0;1
209100;;;PINA_COLADAS;SEASHELLS;14952.0;32
209200;;;BANANAS;SEASHELLS;4860.0;2
209200;;;PEARLS;SEASHELLS;9998.0;2
209400;;;BANANAS;SEASHELLS;4859.0;17
209800;;;BANANAS;SEASHELLS;4865.0;11
209800;;;PEARLS;SEASHELLS;9998.0;1
209800;;;BANANAS;SEASHELLS;4865.0;4
210100;;;PEARLS;SEASHELLS;9998.0;1
210300;;;COCONUTS;SEASHELLS;7952.0;63
210300;;;COCONUTS;SEASHELLS;7952.0;7
210300;;;BANANAS;SEASHELLS;4860.0;10
210300;;;BANANAS;SEASHELLS;4860.0;1
210500;;;PEARLS;SEASHELLS;10002.0;1
210800;;;BANANAS;SEASHELLS;4860.0;1
210800;;;PEARLS;SEASHELLS;9998.0;2
211000;;;PEARLS;SEASHELLS;9998.0;1
211200;;;COCONUTS;SEASHELLS;7949.0;8
211400;;;BANANAS;SEASHELLS;4859.0;2
212000;;;BANANAS;SEASHELLS;4866.0;16
212100;;;BANANAS;SEASHELLS;4866.0;1
212100;;;PEARLS;SEASHELLS;10004.0;1
212300;;;BANANAS;SEASHELLS;4861.0;3
212800;;;PEARLS;SEASHELLS;10002.0;1
213000;;;BANANAS;SEASHELLS;4859.0;3
213200;;;COCONUTS;SEASHELLS;7951.0;70
213400;;;PINA_COLADAS;SEASHELLS;14960.0;5
213400;;;BANANAS;SEASHELLS;4859.0;1
213400;;;PEARLS;SEASHELLS;9995.0;1
213600;;;PEARLS;SEASHELLS;9996.0;10
213600;;;PEARLS;SEASHELLS;9996.0;2
213700;;;PEARLS;SEASHELLS;9996.0;1
213700;;;BANANAS;SEASHELLS;4860.0;1
213800;;;PEARLS;SEASHELLS;9998.0;1
213900;;;BANANAS;SEASHELLS;4860.0;1
214000;;;BANANAS;SEASHELLS;4865.0;1
214400;;;PEARLS;SEASHELLS;9998.0;1
214700;;;COCONUTS;SEASHELLS;7950.0;10
214700;;;PEARLS;SEASHELLS;9998.0;1
215000;;;PEARLS;SEASHELLS;9998.0;1
215100;;;PEARLS;SEASHELLS;10002.0;1
215500;;;BANANAS;SEASHELLS;4860.0;2
215500;;;PEARLS;SEASHELLS;9996.0;1
215500;;;BANANAS;SEASHELLS;4860.0;1
215500;;;PEARLS;SEASHELLS;9998.0;1
215500;;;PEARLS;SEASHELLS;9996.0;1
215600;;;PEARLS;SEASHELLS;10002.0;1
215700;;;BANANAS;SEASHELLS;4859.0;8
215800;;;BANANAS;SEASHELLS;4859.0;18
216200;;;BANANAS;SEASHELLS;4860.0;1
216300;;;BANANAS;SEASHELLS;4860.0;20
216500;;;BANANAS;SEASHELLS;4865.0;1
216800;;;PINA_COLADAS;SEASHELLS;14963.0;5
216800;;;PINA_COLADAS;SEASHELLS;14963.0;28
216900;;;BANANAS;SEASHELLS;4860.0;2
217100;;;BANANAS;SEASHELLS;4865.0;1
217200;;;PEARLS;SEASHELLS;9998.0;1
217400;;;PEARLS;SEASHELLS;10002.0;1
217400;;;BANANAS;SEASHELLS;4861.0;1
217500;;;BANANAS;SEASHELLS;4861.0;3
217700;;;BANANAS;SEASHELLS;4861.0;1
218100;;;PEARLS;SEASHELLS;9996.0;1
218100;;;BANANAS;SEASHELLS;4861.0;1
218300;;;COCONUTS;SEASHELLS;7948.0;7
218300;;;PEARLS;SEASHELLS;10004.0;1
218400;;;PEARLS;SEASHELLS;10002.0;1
218400;;;BANANAS;SEASHELLS;4866.0;1
218800;;;BANANAS;SEASHELLS;4864.0;8
218800;;;BANANAS;SEASHELLS;4865.0;1
219000;;;BANANAS;SEASHELLS;4864.0;1
219000;;;PEARLS;SEASHELLS;9996.0;1
219300;;;PEARLS;SEASHELLS;9998.0;2
220500;;;PEARLS;SEASHELLS;10002.0;1
220600;;;BANANAS;SEASHELLS;4864.0;1
220700;;;BANANAS;SEASHELLS;4866.0;4
221000;;;BANANAS;SEASHELLS;4871.0;2
221000;;;PEARLS;SEASHELLS;10005.0;2
221200;;;PEARLS;SEASHELLS;9996.0;2
221300;;;PEARLS;SEASHELLS;10004.0;2
221400;;;PEARLS;SEASHELLS;9995.0;6
221800;;;PEARLS;SEASHELLS;10004.0;1
221800;;;BANANAS;SEASHELLS;4864.0;9
221900;;;BANANAS;SEASHELLS;4865.0;4
223000;;;BANANAS;SEASHELLS;4864.0;1
223400;;;BANANAS;SEASHELLS;4862.0;17
223500;;;BANANAS;SEASHELLS;4867.0;1
223600;;;BANANAS;SEASHELLS;4862.0;2
223600;;;BANANAS;SEASHELLS;4862.0;6
223700;;;PEARLS;SEASHELLS;10002.0;1
223700;;;BANANAS;SEASHELLS;4863.0;10
224300;;;COCONUTS;SEASHELLS;7946.0;44
224300;;;COCONUTS;SEASHELLS;7946.0;21
224300;;;BANANAS;SEASHELLS;4861.0;2
224300;;;BANANAS;SEASHELLS;4861.0;4
224400;;;PEARLS;SEASHELLS;10005.0;1
224400;;;BANANAS;SEASHELLS;4868.0;1
224500;;;BANANAS;SEASHELLS;4861.0;8
225100;;;BANANAS;SEASHELLS;4862.0;1
225200;;;PEARLS;SEASHELLS;9998.0;2
225200;;;BANANAS;SEASHELLS;4862.0;2
225300;;;PEARLS;SEASHELLS;9996.0;2
225300;;;PEARLS;SEASHELLS;9996.0;5
225700;;;PEARLS;SEASHELLS;10002.0;1
225900;;;PEARLS;SEASHELLS;10002.0;2
226000;;;PEARLS;SEASHELLS;9998.0;1
226200;;;BANANAS;SEASHELLS;4863.0;1
226800;;;PINA_COLADAS;SEASHELLS;14959.0;5
226900;;;PEARLS;SEASHELLS;10002.0;1
226900;;;PEARLS;SEASHELLS;10002.0;3
226900;;;BANANAS;SEASHELLS;4865.0;1
226900;;;BANANAS;SEASHELLS;4865.0;4
227000;;;PEARLS;SEASHELLS;10002.0;1
227200;;;PEARLS;SEASHELLS;9995.0;1
227200;;;BANANAS;SEASHELLS;4861.0;1
227300;;;COCONUTS;SEASHELLS;7957.0;26
227300;;;PEARLS;SEASHELLS;9998.0;1
227600;;;BANANAS;SEASHELLS;4867.0;14
227700;;;BANANAS;SEASHELLS;4862.0;1
227800;;;PEARLS;SEASHELLS;10002.0;1
227900;;;PEARLS;SEASHELLS;9998.0;2
228000;;;BANANAS;SEASHELLS;4867.0;14
228200;;;BANANAS;SEASHELLS;4860.0;5
228400;;;BANANAS;SEASHELLS;4864.0;1
228400;;;PEARLS;SEASHELLS;9998.0;2
229100;;;BANANAS;SEASHELLS;4860.0;15
229100;;;PEARLS;SEASHELLS;10002.0;4
229100;;;BANANAS;SEASHELLS;4862.0;2
229500;;;BANANAS;SEASHELLS;4865.0;11
229500;;;PEARLS;SEASHELLS;9998.0;1
229800;;;PEARLS;SEASHELLS;10002.0;3
229800;;;PEARLS;SEASHELLS;10002.0;1
229800;;;PEARLS;SEASHELLS;10002.0;7
229800;;;BANANAS;SEASHELLS;4863.0;1
230000;;;PEARLS;SEASHELLS;9998.0;1
230000;;;PINA_COLADAS;SEASHELLS;14978.0;9
230700;;;PEARLS;SEASHELLS;9998.0;1
230900;;;BANANAS;SEASHELLS;4859.0;1
230900;;;PEARLS;SEASHELLS;10000.0;1
231500;;;BANANAS;SEASHELLS;4859.0;1
231600;;;BANANAS;SEASHELLS;4861.0;6
231900;;;BANANAS;SEASHELLS;4862.0;1
232000;;;BANANAS;SEASHELLS;4860.0;1
232500;;;PEARLS;SEASHELLS;9996.0;1
232500;;;BANANAS;SEASHELLS;4860.0;1
232500;;;PEARLS;SEASHELLS;9996.0;1
232500;;;BANANAS;SEASHELLS;4860.0;1
232700;;;COCONUTS;SEASHELLS;7968.0;7
233000;;;BANANAS;SEASHELLS;4859.0;1
233100;;;PINA_COLADAS;SEASHELLS;14985.0;14
233300;;;PEARLS;SEASHELLS;9998.0;1
233300;;;BANANAS;SEASHELLS;4863.0;1
233300;;;BANANAS;SEASHELLS;4864.0;2
233500;;;PEARLS;SEASHELLS;10002.0;2
233500;;;BANANAS;SEASHELLS;4863.0;1
233600;;;BANANAS;SEASHELLS;4859.0;9
233600;;;PEARLS;SEASHELLS;10004.0;9
233600;;;BANANAS;SEASHELLS;4859.0;3
233600;;;PEARLS;SEASHELLS;10004.0;2
233900;;;PEARLS;SEASHELLS;10002.0;5
234000;;;PEARLS;SEASHELLS;10002.0;3
234300;;;PEARLS;SEASHELLS;9995.0;1
234300;;;BANANAS;SEASHELLS;4858.0;1
234400;;;PEARLS;SEASHELLS;9995.0;1
234400;;;BANANAS;SEASHELLS;4859.0;1
234400;;;BANANAS;SEASHELLS;4865.0;1
234900;;;BANANAS;SEASHELLS;4859.0;1
235200;;;BANANAS;SEASHELLS;4860.0;1
235300;;;BANANAS;SEASHELLS;4864.0;1
235400;;;PEARLS;SEASHELLS;10002.0;1
235400;;;BANANAS;SEASHELLS;4859.0;1
235900;;;PEARLS;SEASHELLS;10002.0;1
236200;;;PEARLS;SEASHELLS;10002.0;1
236300;;;COCONUTS;SEASHELLS;7969.0;52
236500;;;PINA_COLADAS;SEASHELLS;14992.0;9
236500;;;BANANAS;SEASHELLS;4859.0;1
236800;;;PINA_COLADAS;SEASHELLS;14995.0;4
236900;;;BANANAS;SEASHELLS;4865.0;12
237100;;;PEARLS;SEASHELLS;10004.0;1
237100;;;PEARLS;SEASHELLS;10004.0;1
237100;;;BANANAS;SEASHELLS;4865.0;1
237100;;;BANANAS;SEASHELLS;4865.0;1
237500;;;BANANAS;SEASHELLS;4864.0;4
237500;;;BANANAS;SEASHELLS;4864.0;1
237600;;;PINA_COLADAS;SEASHELLS;15004.0;2
237700;;;BANANAS;SEASHELLS;4859.0;1
238200;;;PEARLS;SEASHELLS;9998.0;9
238300;;;BANANAS;SEASHELLS;4861.0;1
238400;;;PEARLS;SEASHELLS;9998.0;1
238400;;;PEARLS;SEASHELLS;9998.0;1
238500;;;PEARLS;SEASHELLS;9996.0;2
238700;;;PEARLS;SEASHELLS;9998.0;9
238800;;;BANANAS;SEASHELLS;4862.0;1
238800;;;PEARLS;SEASHELLS;10004.0;2
239200;;;BANANAS;SEASHELLS;4864.0;2
239200;;;BANANAS;SEASHELLS;4862.0;1
239200;;;COCONUTS;SEASHELLS;7966.0;60
239300;;;BANANAS;SEASHELLS;4866.0;4
239400;;;BANANAS;SEASHELLS;4862.0;1
239400;;;PEARLS;SEASHELLS;9998.0;1
239900;;;BANANAS;SEASHELLS;4866.0;4
240000;;;PEARLS;SEASHELLS;10005.0;4
240400;;;BANANAS;SEASHELLS;4861.0;9
240400;;;BANANAS;SEASHELLS;4861.0;1
240600;;;PEARLS;SEASHELLS;10004.0;10
240600;;;PEARLS;SEASHELLS;10004.0;2
240600;;;BANANAS;SEASHELLS;4861.0;1
241300;;;PEARLS;SEASHELLS;10002.0;1
241300;;;BANANAS;SEASHELLS;4860.0;18
241300;;;BANANAS;SEASHELLS;4859.0;1
241300;;;BANANAS;SEASHELLS;4860.0;1
241400;;;PEARLS;SEASHELLS;9998.0;1
241700;;;PEARLS;SEASHELLS;9996.0;1
241700;;;BANANAS;SEASHELLS;4859.0;1
241900;;;BANANAS;SEASHELLS;4864.0;1
242200;;;PEARLS;SEASHELLS;9998.0;1
242300;;;BANANAS;SEASHELLS;4865.0;1
242600;;;PEARLS;SEASHELLS;10002.0;1
242700;;;PEARLS;SEASHELLS;9996.0;1
242700;;;PEARLS;SEASHELLS;9996.0;1
242700;;;BANANAS;SEASHELLS;4859.0;2
242900;;;BANANAS;SEASHELLS;4865.0;1
243000;;;PEARLS;SEASHELLS;9998.0;1
243000;;;BANANAS;SEASHELLS;4860.0;2
243000;;;PEARLS;SEASHELLS;9995.0;2
243000;;;BANANAS;SEASHELLS;4862.0;3
243000;;;BANANAS;SEASHELLS;4860.0;1
243100;;;BANANAS;SEASHELLS;4861.0;1
243400;;;PEARLS;SEASHELLS;9998.0;1
243400;;;BANANAS;SEASHELLS;4866.0;1
243700;;;PEARLS;SEASHELLS;9996.0;1
243700;;;PEARLS;SEASHELLS;9996.0;6
244300;;;PEARLS;SEASHELLS;10002.0;1
244400;;;PEARLS;SEASHELLS;10004.0;2
244400;;;BANANAS;SEASHELLS;4867.0;2
244400;;;PEARLS;SEASHELLS;10002.0;4
244600;;;BANANAS;SEASHELLS;4867.0;1
244600;;;PEARLS;SEASHELLS;9998.0;5
244800;;;BANANAS;SEASHELLS;4863.0;1
244800;;;PEARLS;SEASHELLS;9995.0;2
244800;;;BANANAS;SEASHELLS;4862.0;2
244900;;;PEARLS;SEASHELLS;9995.0;2
244900;;;PEARLS;SEASHELLS;10005.0;8
244900;;;BANANAS;SEASHELLS;4867.0;1
244900;;;BANANAS;SEASHELLS;4862.0;2
245000;;;PEARLS;SEASHELLS;9998.0;5
245600;;;BANANAS;SEASHELLS;4867.0;1
245800;;;BANANAS;SEASHELLS;4861.0;1
245900;;;PINA_COLADAS;SEASHELLS;14984.0;23
246000;;;BANANAS;SEASHELLS;4867.0;1
246100;;;PEARLS;SEASHELLS;9998.0;5
246500;;;PEARLS;SEASHELLS;9998.0;4
246700;;;COCONUTS;SEASHELLS;7960.0;14
247100;;;PEARLS;SEASHELLS;9995.0;4
247900;;;PEARLS;SEASHELLS;10004.0;2
247900;;;PEARLS;SEASHELLS;10004.0;2
249200;;;PEARLS;SEASHELLS;9995.0;2
249300;;;BANANAS;SEASHELLS;4857.0;1
249300;;;PEARLS;SEASHELLS;10002.0;1
249400;;;PINA_COLADAS;SEASHELLS;14995.0;4
249800;;;PINA_COLADAS;SEASHELLS;14990.0;2
250000;;;PEARLS;SEASHELLS;9998.0;1
250000;;;BANANAS;SEASHELLS;4860.0;1
250000;;;COCONUTS;SEASHELLS;7964.0;10
250100;;;BANANAS;SEASHELLS;4859.0;3
250200;;;BANANAS;SEASHELLS;4855.0;16
250200;;;PEARLS;SEASHELLS;10002.0;3
250200;;;BANANAS;SEASHELLS;4855.0;4
250300;;;COCONUTS;SEASHELLS;7963.0;9
250500;;;PEARLS;SEASHELLS;10004.0;1
250500;;;BANANAS;SEASHELLS;4861.0;1
250500;;;BANANAS;SEASHELLS;4855.0;1
250600;;;BANANAS;SEASHELLS;4859.0;11
251200;;;PEARLS;SEASHELLS;10005.0;1
251200;;;BANANAS;SEASHELLS;4862.0;1
251300;;;BANANAS;SEASHELLS;4860.0;1
251400;;;BANANAS;SEASHELLS;4855.0;1
251700;;;PEARLS;SEASHELLS;10002.0;1
251900;;;BANANAS;SEASHELLS;4859.0;1
251900;;;COCONUTS;SEASHELLS;7962.0;13
251900;;;PEARLS;SEASHELLS;9998.0;1
252400;;;PEARLS;SEASHELLS;10004.0;2
252500;;;PEARLS;SEASHELLS;9996.0;2
253000;;;BANANAS;SEASHELLS;4856.0;1
253300;;;COCONUTS;SEASHELLS;7965.0;5
253400;;;PEARLS;SEASHELLS;10000.0;2
253600;;;BANANAS;SEASHELLS;4860.0;1
253900;;;COCONUTS;SEASHELLS;7966.0;12
254000;;;BANANAS;SEASHELLS;4855.0;1
254100;;;PEARLS;SEASHELLS;10005.0;2
254100;;;BANANAS;SEASHELLS;4862.0;2
254400;;;BANANAS;SEASHELLS;4861.0;1
254700;;;BANANAS;SEASHELLS;4858.0;1
254700;;;PINA_COLADAS;SEASHELLS;15002.0;2
254700;;;PEARLS;SEASHELLS;9996.0;1
254800;;;BANANAS;SEASHELLS;4859.0;1
254800;;;BANANAS;SEASHELLS;4858.0;2
255000;;;PINA_COLADAS;SEASHELLS;15006.0;5
255100;;;BANANAS;SEASHELLS;4859.0;1
255100;;;PEARLS;SEASHELLS;10004.0;1
255300;;;PEARLS;SEASHELLS;10002.0;3
255400;;;PEARLS;SEASHELLS;9996.0;2
255400;;;BANANAS;SEASHELLS;4852.0;2
255500;;;PINA_COLADAS;SEASHELLS;15006.0;6
255600;;;BANANAS;SEASHELLS;4851.0;1
255700;;;PEARLS;SEASHELLS;10004.0;2
255700;;;BANANAS;SEASHELLS;4858.0;2
255900;;;BANANAS;SEASHELLS;4857.0;1
256300;;;BANANAS;SEASHELLS;4853.0;4
256300;;;BANANAS;SEASHELLS;4853.0;7
256400;;;BANANAS;SEASHELLS;4852.0;1
256500;;;PINA_COLADAS;SEASHELLS;15004.0;30
256800;;;COCONUTS;SEASHELLS;7967.0;8
256800;;;PEARLS;SEASHELLS;10002.0;3
257200;;;BANANAS;SEASHELLS;4856.0;1
257200;;;PEARLS;SEASHELLS;10002.0;1
257300;;;PEARLS;SEASHELLS;10002.0;1
257400;;;PEARLS;SEASHELLS;10002.0;1
257400;;;BANANAS;SEASHELLS;4857.0;1
257400;;;PEARLS;SEASHELLS;10005.0;1
257500;;;BANANAS;SEASHELLS;4852.0;1
257900;;;PEARLS;SEASHELLS;10002.0;1
258200;;;PINA_COLADAS;SEASHELLS;15006.0;3
258600;;;PEARLS;SEASHELLS;10002.0;2
258900;;;BANANAS;SEASHELLS;4855.0;7
258900;;;BANANAS;SEASHELLS;4855.0;2
258900;;;PEARLS;SEASHELLS;10004.0;9
258900;;;PEARLS;SEASHELLS;10004.0;2
259000;;;BANANAS;SEASHELLS;4854.0;1
259100;;;BANANAS;SEASHELLS;4851.0;1
259100;;;PEARLS;SEASHELLS;9996.0;2
259200;;;BANANAS;SEASHELLS;4855.0;15
259400;;;PEARLS;SEASHELLS;10002.0;1
259400;;;PINA_COLADAS;SEASHELLS;15017.0;3
259800;;;BANANAS;SEASHELLS;4852.0;1
260000;;;BANANAS;SEASHELLS;4846.0;6
260100;;;BANANAS;SEASHELLS;4846.0;1
260300;;;BANANAS;SEASHELLS;4845.0;1
260700;;;PEARLS;SEASHELLS;10005.0;8
260900;;;BANANAS;SEASHELLS;4851.0;1
261100;;;BANANAS;SEASHELLS;4846.0;1
261300;;;BANANAS;SEASHELLS;4846.0;1
261700;;;PINA_COLADAS;SEASHELLS;15018.0;5
261800;;;BANANAS;SEASHELLS;4850.0;1
262700;;;BANANAS;SEASHELLS;4846.0;5
263100;;;BANANAS;SEASHELLS;4845.0;7
263300;;;PEARLS;SEASHELLS;10002.0;1
263400;;;PEARLS;SEASHELLS;10002.0;1
263500;;;BANANAS;SEASHELLS;4847.0;1
263500;;;PEARLS;SEASHELLS;9998.0;1
263700;;;PEARLS;SEASHELLS;9998.0;1
264000;;;PEARLS;SEASHELLS;9998.0;8
264000;;;BANANAS;SEASHELLS;4852.0;9
264200;;;BANANAS;SEASHELLS;4852.0;2
264200;;;PEARLS;SEASHELLS;10004.0;1
264300;;;PEARLS;SEASHELLS;9996.0;1
264300;;;BANANAS;SEASHELLS;4846.0;1
264300;;;PEARLS;SEASHELLS;9998.0;6
264400;;;BANANAS;SEASHELLS;4847.0;2
264700;;;COCONUTS;SEASHELLS;7978.0;6
265000;;;PINA_COLADAS;SEASHELLS;15001.0;11
265200;;;PEARLS;SEASHELLS;9995.0;1
265200;;;BANANAS;SEASHELLS;4847.0;1
265300;;;BANANAS;SEASHELLS;4854.0;2
265300;;;PEARLS;SEASHELLS;10004.0;2
265700;;;PEARLS;SEASHELLS;9998.0;2
265700;;;BANANAS;SEASHELLS;4847.0;2
265900;;;COCONUTS;SEASHELLS;7975.0;14
266000;;;BANANAS;SEASHELLS;4847.0;1
266200;;;PEARLS;SEASHELLS;10002.0;2
266600;;;BANANAS;SEASHELLS;4848.0;1
266600;;;BANANAS;SEASHELLS;4849.0;4
267200;;;PEARLS;SEASHELLS;10002.0;1
267200;;;COCONUTS;SEASHELLS;7980.0;10
267200;;;BANANAS;SEASHELLS;4848.0;4
267600;;;BANANAS;SEASHELLS;4850.0;1
267700;;;PINA_COLADAS;SEASHELLS;15007.0;5
267700;;;BANANAS;SEASHELLS;4850.0;1
267700;;;PEARLS;SEASHELLS;9996.0;1
267900;;;PEARLS;SEASHELLS;9998.0;1
267900;;;PEARLS;SEASHELLS;9995.0;3
268000;;;PEARLS;SEASHELLS;9995.0;2
268000;;;BANANAS;SEASHELLS;4855.0;4
268000;;;BANANAS;SEASHELLS;4855.0;2
268200;;;BANANAS;SEASHELLS;4850.0;19
268400;;;BANANAS;SEASHELLS;4855.0;1
268500;;;PEARLS;SEASHELLS;10002.0;1
268600;;;PEARLS;SEASHELLS;10005.0;2
268600;;;BANANAS;SEASHELLS;4856.0;2
268900;;;BANANAS;SEASHELLS;4855.0;2
269000;;;BANANAS;SEASHELLS;4856.0;2
269000;;;PEARLS;SEASHELLS;10005.0;2
269400;;;PEARLS;SEASHELLS;9998.0;1
269800;;;BANANAS;SEASHELLS;4848.0;1
269900;;;BANANAS;SEASHELLS;4848.0;2
269900;;;PEARLS;SEASHELLS;9996.0;1
270000;;;BANANAS;SEASHELLS;4848.0;11
270000;;;PEARLS;SEASHELLS;9998.0;4
270000;;;BANANAS;SEASHELLS;4848.0;1
270100;;;BANANAS;SEASHELLS;4852.0;1
270100;;;PEARLS;SEASHELLS;10002.0;1
270400;;;BANANAS;SEASHELLS;4847.0;1
270600;;;BANANAS;SEASHELLS;4847.0;4
270900;;;BANANAS;SEASHELLS;4849.0;3
270900;;;PEARLS;SEASHELLS;9998.0;1
271000;;;BANANAS;SEASHELLS;4847.0;1
271400;;;PEARLS;SEASHELLS;10002.0;2
271700;;;BANANAS;SEASHELLS;4852.0;10
271800;;;BANANAS;SEASHELLS;4852.0;1
271900;;;BANANAS;SEASHELLS;4848.0;1
271900;;;PEARLS;SEASHELLS;9998.0;4
271900;;;BANANAS;SEASHELLS;4854.0;4
271900;;;PEARLS;SEASHELLS;9998.0;1
272000;;;PEARLS;SEASHELLS;10000.0;1
272000;;;PEARLS;SEASHELLS;9998.0;1
272000;;;BANANAS;SEASHELLS;4852.0;2
272300;;;BANANAS;SEASHELLS;4852.0;1
272800;;;BANANAS;SEASHELLS;4848.0;1
273100;;;PEARLS;SEASHELLS;10002.0;1
273200;;;BANANAS;SEASHELLS;4852.0;1
273700;;;BANANAS;SEASHELLS;4847.0;1
273800;;;PEARLS;SEASHELLS;10004.0;4
273800;;;PEARLS;SEASHELLS;10004.0;1
273800;;;BANANAS;SEASHELLS;4851.0;5
273900;;;BANANAS;SEASHELLS;4851.0;4
274000;;;PEARLS;SEASHELLS;9998.0;1
274100;;;PEARLS;SEASHELLS;10002.0;3
274300;;;PEARLS;SEASHELLS;9995.0;3
274600;;;BANANAS;SEASHELLS;4848.0;1
274600;;;COCONUTS;SEASHELLS;7967.0;16
275000;;;BANANAS;SEASHELLS;4852.0;5
275100;;;PEARLS;SEASHELLS;9998.0;1
275100;;;BANANAS;SEASHELLS;4848.0;1
275400;;;BANANAS;SEASHELLS;4854.0;3
275600;;;BANANAS;SEASHELLS;4853.0;1
275600;;;BANANAS;SEASHELLS;4853.0;19
275800;;;BANANAS;SEASHELLS;4853.0;1
276100;;;BANANAS;SEASHELLS;4847.0;2
276500;;;PEARLS;SEASHELLS;9995.0;9
276600;;;BANANAS;SEASHELLS;4846.0;1
276700;;;PEARLS;SEASHELLS;10002.0;1
276700;;;BANANAS;SEASHELLS;4846.0;2
277100;;;PEARLS;SEASHELLS;10005.0;10
277300;;;PEARLS;SEASHELLS;9995.0;8
277800;;;BANANAS;SEASHELLS;4844.0;1
277900;;;BANANAS;SEASHELLS;4850.0;8
278100;;;BANANAS;SEASHELLS;4849.0;1
278200;;;PEARLS;SEASHELLS;10002.0;3
278200;;;BANANAS;SEASHELLS;4848.0;3
278600;;;PINA_COLADAS;SEASHELLS;14942.0;5
278900;;;PEARLS;SEASHELLS;9995.0;2
278900;;;BANANAS;SEASHELLS;4843.0;2
279100;;;PEARLS;SEASHELLS;9995.0;1
279100;;;BANANAS;SEASHELLS;4846.0;1
279200;;;PEARLS;SEASHELLS;10002.0;1
279200;;;BANANAS;SEASHELLS;4849.0;1
279400;;;BANANAS;SEASHELLS;4845.0;1
279400;;;PEARLS;SEASHELLS;9998.0;5
279400;;;PEARLS;SEASHELLS;9996.0;1
279500;;;PEARLS;SEASHELLS;10004.0;2
279600;;;BANANAS;SEASHELLS;4845.0;1
279600;;;BANANAS;SEASHELLS;4845.0;1
280100;;;BANANAS;SEASHELLS;4844.0;1
280300;;;PEARLS;SEASHELLS;10002.0;2
280400;;;PEARLS;SEASHELLS;9998.0;1
281700;;;BANANAS;SEASHELLS;4842.0;1
282000;;;BANANAS;SEASHELLS;4843.0;1
282300;;;BANANAS;SEASHELLS;4843.0;1
282400;;;COCONUTS;SEASHELLS;7952.0;58
282900;;;BANANAS;SEASHELLS;4844.0;2
282900;;;PEARLS;SEASHELLS;10002.0;9
282900;;;PEARLS;SEASHELLS;10002.0;1
283100;;;PEARLS;SEASHELLS;9996.0;2
283100;;;BANANAS;SEASHELLS;4844.0;2
283400;;;PEARLS;SEASHELLS;10002.0;2
283400;;;BANANAS;SEASHELLS;4851.0;12
283500;;;BANANAS;SEASHELLS;4849.0;1
283700;;;BANANAS;SEASHELLS;4845.0;1
283900;;;PEARLS;SEASHELLS;9998.0;5
283900;;;BANANAS;SEASHELLS;4852.0;6
284500;;;PEARLS;SEASHELLS;10005.0;1
284500;;;BANANAS;SEASHELLS;4850.0;3
284500;;;BANANAS;SEASHELLS;4852.0;1
284600;;;BANANAS;SEASHELLS;4851.0;1
284700;;;BANANAS;SEASHELLS;4851.0;5
284700;;;PEARLS;SEASHELLS;10002.0;1
284700;;;BANANAS;SEASHELLS;4851.0;5
285000;;;BANANAS;SEASHELLS;4846.0;1
285000;;;PEARLS;SEASHELLS;9998.0;3
285000;;;PEARLS;SEASHELLS;9996.0;1
285000;;;PEARLS;SEASHELLS;9998.0;1
285100;;;PEARLS;SEASHELLS;9995.0;1
285100;;;BANANAS;SEASHELLS;4845.0;1
285200;;;BANANAS;SEASHELLS;4851.0;1
285300;;;BANANAS;SEASHELLS;4851.0;1
285300;;;COCONUTS;SEASHELLS;7945.0;24
285300;;;BANANAS;SEASHELLS;4851.0;7
285400;;;PEARLS;SEASHELLS;10004.0;1
285500;;;PEARLS;SEASHELLS;10002.0;1
285500;;;BANANAS;SEASHELLS;4848.0;1
285800;;;PEARLS;SEASHELLS;9998.0;1
285900;;;PEARLS;SEASHELLS;10002.0;1
286000;;;PEARLS;SEASHELLS;9996.0;6
286000;;;PEARLS;SEASHELLS;9996.0;2
286400;;;PEARLS;SEASHELLS;10002.0;6
286600;;;BANANAS;SEASHELLS;4845.0;1
286600;;;PEARLS;SEASHELLS;10002.0;1
286700;;;BANANAS;SEASHELLS;4845.0;1
287400;;;BANANAS;SEASHELLS;4848.0;10
287400;;;BANANAS;SEASHELLS;4848.0;10
287500;;;COCONUTS;SEASHELLS;7948.0;12
287800;;;BANANAS;SEASHELLS;4850.0;9
287800;;;PEARLS;SEASHELLS;9998.0;1
288200;;;PEARLS;SEASHELLS;10002.0;1
288700;;;BANANAS;SEASHELLS;4849.0;1
288800;;;BANANAS;SEASHELLS;4849.0;1
288900;;;PEARLS;SEASHELLS;9995.0;2
289100;;;BANANAS;SEASHELLS;4845.0;1
289200;;;PEARLS;SEASHELLS;10002.0;1
290300;;;BANANAS;SEASHELLS;4850.0;1
290300;;;PEARLS;SEASHELLS;10004.0;1
290400;;;PEARLS;SEASHELLS;10002.0;4
290800;;;BANANAS;SEASHELLS;4845.0;6
291000;;;BANANAS;SEASHELLS;4850.0;1
291100;;;PINA_COLADAS;SEASHELLS;14938.0;8
291300;;;BANANAS;SEASHELLS;4850.0;1
291300;;;BANANAS;SEASHELLS;4845.0;12
291400;;;PEARLS;SEASHELLS;9996.0;6
291400;;;PEARLS;SEASHELLS;9996.0;1
291500;;;BANANAS;SEASHELLS;4843.0;2
291900;;;BANANAS;SEASHELLS;4845.0;1
292200;;;BANANAS;SEASHELLS;4845.0;1
292500;;;PEARLS;SEASHELLS;10002.0;1
292900;;;BANANAS;SEASHELLS;4844.0;1
293700;;;PEARLS;SEASHELLS;9996.0;1
293700;;;BANANAS;SEASHELLS;4842.0;1
293800;;;PEARLS;SEASHELLS;9998.0;4
294100;;;PEARLS;SEASHELLS;10004.0;1
294100;;;BANANAS;SEASHELLS;4849.0;1
294100;;;BANANAS;SEASHELLS;4847.0;1
294500;;;BANANAS;SEASHELLS;4848.0;1
294500;;;PEARLS;SEASHELLS;10005.0;1
294600;;;PEARLS;SEASHELLS;10002.0;1
295000;;;PEARLS;SEASHELLS;9998.0;1
295200;;;PEARLS;SEASHELLS;10005.0;2
295200;;;BANANAS;SEASHELLS;4843.0;1
295300;;;BANANAS;SEASHELLS;4843.0;1
295300;;;PEARLS;SEASHELLS;10002.0;6
295500;;;PEARLS;SEASHELLS;10004.0;1
295500;;;BANANAS;SEASHELLS;4849.0;2
295500;;;PINA_COLADAS;SEASHELLS;14917.0;4
295600;;;PEARLS;SEASHELLS;9996.0;2
295600;;;BANANAS;SEASHELLS;4842.0;2
296300;;;BANANAS;SEASHELLS;4843.0;1
296300;;;PEARLS;SEASHELLS;9996.0;1
296300;;;BANANAS;SEASHELLS;4843.0;2
296300;;;PEARLS;SEASHELLS;9996.0;1
296400;;;PEARLS;SEASHELLS;10005.0;5
296600;;;PEARLS;SEASHELLS;10002.0;1
296600;;;BANANAS;SEASHELLS;4843.0;4
296600;;;BANANAS;SEASHELLS;4843.0;2
296600;;;BANANAS;SEASHELLS;4843.0;12
296800;;;PEARLS;SEASHELLS;9998.0;1
297100;;;PEARLS;SEASHELLS;10002.0;1
297200;;;PINA_COLADAS;SEASHELLS;14915.0;4
297400;;;PEARLS;SEASHELLS;10002.0;1
297500;;;BANANAS;SEASHELLS;4841.0;1
298500;;;BANANAS;SEASHELLS;4847.0;11
298700;;;BANANAS;SEASHELLS;4841.0;1
298700;;;BANANAS;SEASHELLS;4840.0;14
298800;;;BANANAS;SEASHELLS;4843.0;3
298800;;;BANANAS;SEASHELLS;4846.0;1
298900;;;BANANAS;SEASHELLS;4841.0;1
299300;;;PEARLS;SEASHELLS;9998.0;5
299300;;;BANANAS;SEASHELLS;4844.0;12
299500;;;BANANAS;SEASHELLS;4847.0;2
299500;;;PEARLS;SEASHELLS;10004.0;1
299500;;;COCONUTS;SEASHELLS;7945.0;11
299500;;;PEARLS;SEASHELLS;10004.0;1
299900;;;BANANAS;SEASHELLS;4847.0;1
300100;;;BANANAS;SEASHELLS;4842.0;1
300100;;;PINA_COLADAS;SEASHELLS;14914.0;6
300200;;;BANANAS;SEASHELLS;4842.0;1
300600;;;BANANAS;SEASHELLS;4842.0;1
300800;;;COCONUTS;SEASHELLS;7943.0;9
301000;;;PEARLS;SEASHELLS;10002.0;1
301100;;;PEARLS;SEASHELLS;10002.0;1
301200;;;BANANAS;SEASHELLS;4843.0;1
301400;;;PEARLS;SEASHELLS;9996.0;1
301400;;;PINA_COLADAS;SEASHELLS;14910.0;27
301400;;;BANANAS;SEASHELLS;4844.0;1
301500;;;PEARLS;SEASHELLS;10002.0;1
301700;;;PEARLS;SEASHELLS;10002.0;1
301800;;;BANANAS;SEASHELLS;4844.0;1
301900;;;PEARLS;SEASHELLS;10002.0;3
301900;;;PEARLS;SEASHELLS;10002.0;1
302300;;;PEARLS;SEASHELLS;10004.0;1
302500;;;PEARLS;SEASHELLS;9998.0;1
302600;;;COCONUTS;SEASHELLS;7942.0;23
302600;;;COCONUTS;SEASHELLS;7944.0;6
302600;;;BANANAS;SEASHELLS;4844.0;1
302800;;;PEARLS;SEASHELLS;10002.0;1
303600;;;BANANAS;SEASHELLS;4842.0;7
304400;;;BANANAS;SEASHELLS;4842.0;4
304500;;;COCONUTS;SEASHELLS;7942.0;7
304500;;;BANANAS;SEASHELLS;4842.0;1
304700;;;PEARLS;SEASHELLS;9998.0;1
304800;;;PEARLS;SEASHELLS;10002.0;9
305000;;;BANANAS;SEASHELLS;4843.0;1
305000;;;PEARLS;SEASHELLS;9998.0;2
305400;;;BANANAS;SEASHELLS;4842.0;1
305500;;;BANANAS;SEASHELLS;4842.0;2
305600;;;BANANAS;SEASHELLS;4848.0;7
305800;;;BANANAS;SEASHELLS;4847.0;1
305900;;;PEARLS;SEASHELLS;9998.0;1
306000;;;BANANAS;SEASHELLS;4842.0;1
306800;;;PEARLS;SEASHELLS;10002.0;2
306800;;;PEARLS;SEASHELLS;10002.0;1
306800;;;PEARLS;SEASHELLS;10005.0;7
307300;;;PEARLS;SEASHELLS;10002.0;1
308000;;;PEARLS;SEASHELLS;10002.0;3
308100;;;BANANAS;SEASHELLS;4846.0;1
308200;;;BANANAS;SEASHELLS;4850.0;1
308400;;;BANANAS;SEASHELLS;4851.0;1
308400;;;PEARLS;SEASHELLS;9998.0;3
308400;;;PEARLS;SEASHELLS;9998.0;1
308700;;;BANANAS;SEASHELLS;4844.0;12
308900;;;PEARLS;SEASHELLS;10005.0;2
308900;;;BANANAS;SEASHELLS;4845.0;1
308900;;;BANANAS;SEASHELLS;4851.0;2
309000;;;BANANAS;SEASHELLS;4845.0;1
309300;;;COCONUTS;SEASHELLS;7946.0;7
309400;;;PEARLS;SEASHELLS;9998.0;1
309900;;;PEARLS;SEASHELLS;10004.0;2
309900;;;BANANAS;SEASHELLS;4852.0;2
310100;;;PEARLS;SEASHELLS;9996.0;10
310100;;;PEARLS;SEASHELLS;9996.0;2
310200;;;COCONUTS;SEASHELLS;7947.0;29
311100;;;COCONUTS;SEASHELLS;7947.0;8
311100;;;PEARLS;SEASHELLS;9998.0;1
311200;;;PEARLS;SEASHELLS;10002.0;1
311300;;;PEARLS;SEASHELLS;9996.0;1
311400;;;PEARLS;SEASHELLS;10002.0;2
311700;;;BANANAS;SEASHELLS;4844.0;1
311700;;;PEARLS;SEASHELLS;9996.0;1
312000;;;BANANAS;SEASHELLS;4845.0;1
312100;;;PEARLS;SEASHELLS;10002.0;1
312200;;;BANANAS;SEASHELLS;4850.0;1
312200;;;PEARLS;SEASHELLS;10004.0;1
312500;;;BANANAS;SEASHELLS;4848.0;1
312800;;;BANANAS;SEASHELLS;4851.0;3
312900;;;BANANAS;SEASHELLS;4845.0;1
313000;;;COCONUTS;SEASHELLS;7947.0;7
313200;;;PEARLS;SEASHELLS;9995.0;3
313800;;;BANANAS;SEASHELLS;4845.0;1
314000;;;PEARLS;SEASHELLS;10000.0;6
314000;;;PINA_COLADAS;SEASHELLS;14932.0;4
314100;;;BANANAS;SEASHELLS;4850.0;5
314100;;;BANANAS;SEASHELLS;4850.0;7
314200;;;BANANAS;SEASHELLS;4850.0;1
315000;;;PEARLS;SEASHELLS;10005.0;5
315100;;;BANANAS;SEASHELLS;4848.0;10
315500;;;BANANAS;SEASHELLS;4852.0;1
315600;;;BANANAS;SEASHELLS;4848.0;1
315900;;;BANANAS;SEASHELLS;4848.0;10
316000;;;BANANAS;SEASHELLS;4853.0;1
316600;;;PEARLS;SEASHELLS;10002.0;1
316700;;;PEARLS;SEASHELLS;10002.0;1
316700;;;PINA_COLADAS;SEASHELLS;14922.0;5
316700;;;BANANAS;SEASHELLS;4849.0;1
317000;;;PEARLS;SEASHELLS;9996.0;2
317100;;;BANANAS;SEASHELLS;4855.0;13
317200;;;BANANAS;SEASHELLS;4849.0;12
317400;;;BANANAS;SEASHELLS;4853.0;1
317900;;;PEARLS;SEASHELLS;9998.0;1
318700;;;BANANAS;SEASHELLS;4847.0;7
318900;;;BANANAS;SEASHELLS;4854.0;7
319000;;;BANANAS;SEASHELLS;4847.0;1
319000;;;PEARLS;SEASHELLS;10002.0;1
319000;;;PEARLS;SEASHELLS;10002.0;5
319300;;;BANANAS;SEASHELLS;4849.0;1
319300;;;COCONUTS;SEASHELLS;7932.0;8
319300;;;BANANAS;SEASHELLS;4854.0;4
319300;;;BANANAS;SEASHELLS;4855.0;1
319300;;;PEARLS;SEASHELLS;10002.0;1
319400;;;BANANAS;SEASHELLS;4854.0;1
319500;;;PEARLS;SEASHELLS;10002.0;1
319500;;;BANANAS;SEASHELLS;4849.0;1
319800;;;BANANAS;SEASHELLS;4854.0;3
320100;;;BANANAS;SEASHELLS;4850.0;1
320200;;;PEARLS;SEASHELLS;10002.0;1
320300;;;PEARLS;SEASHELLS;10002.0;8
320300;;;PEARLS;SEASHELLS;10004.0;1
320300;;;PEARLS;SEASHELLS;10004.0;5
320500;;;PEARLS;SEASHELLS;10002.0;5
320500;;;PEARLS;SEASHELLS;10002.0;3
320800;;;BANANAS;SEASHELLS;4856.0;1
320800;;;PEARLS;SEASHELLS;9995.0;2
321200;;;PEARLS;SEASHELLS;9998.0;1
321500;;;PEARLS;SEASHELLS;10004.0;1
321500;;;PEARLS;SEASHELLS;10004.0;7
321500;;;BANANAS;SEASHELLS;4859.0;2
321500;;;PEARLS;SEASHELLS;10005.0;2
321900;;;PEARLS;SEASHELLS;9996.0;6
321900;;;PEARLS;SEASHELLS;9996.0;1
322000;;;BANANAS;SEASHELLS;4857.0;1
322000;;;PEARLS;SEASHELLS;10002.0;1
322100;;;COCONUTS;SEASHELLS;7935.0;6
322300;;;PINA_COLADAS;SEASHELLS;14898.0;8
322300;;;PEARLS;SEASHELLS;9998.0;1
322600;;;BANANAS;SEASHELLS;4858.0;1
322600;;;PEARLS;SEASHELLS;10002.0;1
322700;;;BANANAS;SEASHELLS;4853.0;1
322700;;;BANANAS;SEASHELLS;4859.0;7
323100;;;BANANAS;SEASHELLS;4853.0;1
323200;;;BANANAS;SEASHELLS;4859.0;2
323200;;;PEARLS;SEASHELLS;10005.0;2
323300;;;BANANAS;SEASHELLS;4859.0;2
323300;;;PEARLS;SEASHELLS;10005.0;2
323600;;;BANANAS;SEASHELLS;4858.0;1
323800;;;BANANAS;SEASHELLS;4853.0;1
323900;;;BANANAS;SEASHELLS;4858.0;1
324000;;;BANANAS;SEASHELLS;4857.0;1
324100;;;PEARLS;SEASHELLS;9998.0;4
324300;;;PEARLS;SEASHELLS;9998.0;1
324400;;;PEARLS;SEASHELLS;9998.0;1
324400;;;BANANAS;SEASHELLS;4855.0;2
324700;;;BANANAS;SEASHELLS;4858.0;1
324900;;;BANANAS;SEASHELLS;4854.0;13
325100;;;BANANAS;SEASHELLS;4856.0;2
325200;;;BANANAS;SEASHELLS;4859.0;1
325600;;;PEARLS;SEASHELLS;10004.0;1
325600;;;BANANAS;SEASHELLS;4860.0;1
326100;;;BANANAS;SEASHELLS;4857.0;2
326100;;;PEARLS;SEASHELLS;9998.0;1
326100;;;BANANAS;SEASHELLS;4857.0;1
326200;;;BANANAS;SEASHELLS;4853.0;1
326200;;;PEARLS;SEASHELLS;9995.0;1
326300;;;BANANAS;SEASHELLS;4855.0;4
326300;;;BANANAS;SEASHELLS;4859.0;1
326300;;;BANANAS;SEASHELLS;4855.0;3
326700;;;PEARLS;SEASHELLS;9998.0;1
326800;;;BANANAS;SEASHELLS;4858.0;1
326900;;;COCONUTS;SEASHELLS;7928.0;22
326900;;;PEARLS;SEASHELLS;9996.0;2
326900;;;PEARLS;SEASHELLS;9996.0;1
327200;;;PEARLS;SEASHELLS;9995.0;2
327200;;;BANANAS;SEASHELLS;4853.0;2
327300;;;BANANAS;SEASHELLS;4853.0;1
328100;;;PEARLS;SEASHELLS;10005.0;2
328100;;;BANANAS;SEASHELLS;4860.0;2
328200;;;PEARLS;SEASHELLS;10002.0;1
328300;;;BANANAS;SEASHELLS;4859.0;1
328400;;;PEARLS;SEASHELLS;10002.0;1
328700;;;BANANAS;SEASHELLS;4857.0;1
328700;;;PEARLS;SEASHELLS;10004.0;1
328700;;;COCONUTS;SEASHELLS;7933.0;43
329100;;;BANANAS;SEASHELLS;4859.0;1
329300;;;PEARLS;SEASHELLS;10002.0;1
329300;;;COCONUTS;SEASHELLS;7934.0;6
329700;;;PEARLS;SEASHELLS;10002.0;1
329900;;;PEARLS;SEASHELLS;9996.0;7
329900;;;PEARLS;SEASHELLS;9996.0;1
330000;;;PEARLS;SEASHELLS;9996.0;1
330000;;;BANANAS;SEASHELLS;4856.0;1
330200;;;COCONUTS;SEASHELLS;7937.0;8
330600;;;PEARLS;SEASHELLS;10004.0;1
330600;;;PEARLS;SEASHELLS;10004.0;1
330600;;;BANANAS;SEASHELLS;4861.0;2
330800;;;PEARLS;SEASHELLS;10002.0;1
330800;;;PEARLS;SEASHELLS;9995.0;12
330900;;;PEARLS;SEASHELLS;9996.0;2
330900;;;BANANAS;SEASHELLS;4856.0;2
330900;;;BANANAS;SEASHELLS;4860.0;3
331100;;;BANANAS;SEASHELLS;4861.0;1
331200;;;PEARLS;SEASHELLS;9995.0;2
331200;;;BANANAS;SEASHELLS;4861.0;1
331300;;;BANANAS;SEASHELLS;4857.0;4
331800;;;PEARLS;SEASHELLS;9998.0;1
331900;;;PEARLS;SEASHELLS;9998.0;1
332100;;;PEARLS;SEASHELLS;9996.0;2
332300;;;PEARLS;SEASHELLS;10004.0;9
332300;;;PEARLS;SEASHELLS;10004.0;1
332300;;;PEARLS;SEASHELLS;10002.0;4
332500;;;BANANAS;SEASHELLS;4855.0;1
332500;;;PEARLS;SEASHELLS;9995.0;1
333000;;;BANANAS;SEASHELLS;4860.0;1
333000;;;PEARLS;SEASHELLS;9996.0;1
333000;;;PEARLS;SEASHELLS;9996.0;6
333400;;;PEARLS;SEASHELLS;10004.0;4
333400;;;PEARLS;SEASHELLS;10004.0;1
333400;;;BANANAS;SEASHELLS;4860.0;1
333500;;;BANANAS;SEASHELLS;4854.0;1
333500;;;PEARLS;SEASHELLS;9996.0;1
333800;;;BANANAS;SEASHELLS;4854.0;1
334100;;;BANANAS;SEASHELLS;4860.0;20
334300;;;BANANAS;SEASHELLS;4855.0;1
335200;;;BANANAS;SEASHELLS;4855.0;1
335400;;;PINA_COLADAS;SEASHELLS;14906.0;25
336200;;;BANANAS;SEASHELLS;4857.0;1
336300;;;BANANAS;SEASHELLS;4860.0;1
336700;;;PEARLS;SEASHELLS;10002.0;1
336900;;;PEARLS;SEASHELLS;9998.0;2
336900;;;BANANAS;SEASHELLS;4857.0;2
336900;;;PEARLS;SEASHELLS;9998.0;1
337100;;;PINA_COLADAS;SEASHELLS;14895.0;2
337100;;;BANANAS;SEASHELLS;4856.0;1
337200;;;BANANAS;SEASHELLS;4862.0;6
337200;;;PEARLS;SEASHELLS;9998.0;1
337400;;;PEARLS;SEASHELLS;10002.0;1
337500;;;PEARLS;SEASHELLS;9996.0;1
337500;;;BANANAS;SEASHELLS;4855.0;1
337700;;;BANANAS;SEASHELLS;4856.0;4
337800;;;BANANAS;SEASHELLS;4854.0;2
337800;;;PEARLS;SEASHELLS;9996.0;2
338100;;;BANANAS;SEASHELLS;4859.0;1
338200;;;BANANAS;SEASHELLS;4854.0;1
338500;;;BANANAS;SEASHELLS;4860.0;2
338600;;;BANANAS;SEASHELLS;4853.0;1
338900;;;BANANAS;SEASHELLS;4854.0;1
338900;;;PEARLS;SEASHELLS;10002.0;1
339200;;;BANANAS;SEASHELLS;4853.0;2
339200;;;PEARLS;SEASHELLS;9995.0;2
340000;;;PEARLS;SEASHELLS;10004.0;2
340200;;;PEARLS;SEASHELLS;10002.0;1
340300;;;PEARLS;SEASHELLS;9998.0;1
340400;;;PEARLS;SEASHELLS;10002.0;1
340400;;;BANANAS;SEASHELLS;4857.0;5
340500;;;BANANAS;SEASHELLS;4853.0;1
340900;;;PINA_COLADAS;SEASHELLS;14878.0;38
341000;;;BANANAS;SEASHELLS;4853.0;1
341500;;;PEARLS;SEASHELLS;10004.0;1
341500;;;PEARLS;SEASHELLS;10004.0;4
341700;;;BANANAS;SEASHELLS;4857.0;1
342500;;;BANANAS;SEASHELLS;4853.0;4
342500;;;BANANAS;SEASHELLS;4853.0;4
342700;;;PEARLS;SEASHELLS;10002.0;1
342700;;;BANANAS;SEASHELLS;4857.0;1
342900;;;BANANAS;SEASHELLS;4854.0;7
342900;;;PEARLS;SEASHELLS;9998.0;3
343200;;;BANANAS;SEASHELLS;4852.0;1
343200;;;PEARLS;SEASHELLS;9995.0;1
343200;;;BANANAS;SEASHELLS;4859.0;9
343400;;;BANANAS;SEASHELLS;4857.0;1
343900;;;BANANAS;SEASHELLS;4856.0;1
344000;;;PEARLS;SEASHELLS;9998.0;1
344400;;;BANANAS;SEASHELLS;4851.0;1
344500;;;PEARLS;SEASHELLS;9998.0;1
345000;;;COCONUTS;SEASHELLS;7931.0;43
345600;;;BANANAS;SEASHELLS;4859.0;2
345600;;;PEARLS;SEASHELLS;10004.0;1
345700;;;PEARLS;SEASHELLS;10004.0;1
345700;;;BANANAS;SEASHELLS;4858.0;1
346100;;;BANANAS;SEASHELLS;4852.0;10
346700;;;COCONUTS;SEASHELLS;7929.0;9
346900;;;PEARLS;SEASHELLS;10002.0;1
347100;;;BANANAS;SEASHELLS;4856.0;1
347400;;;PEARLS;SEASHELLS;9998.0;1
347400;;;BANANAS;SEASHELLS;4852.0;1
347400;;;BANANAS;SEASHELLS;4852.0;7
347400;;;BANANAS;SEASHELLS;4852.0;1
347500;;;PEARLS;SEASHELLS;10004.0;1
347500;;;BANANAS;SEASHELLS;4858.0;1
347500;;;PINA_COLADAS;SEASHELLS;14872.0;3
347600;;;BANANAS;SEASHELLS;4857.0;4
347600;;;COCONUTS;SEASHELLS;7923.0;23
347700;;;PEARLS;SEASHELLS;10002.0;1
347800;;;BANANAS;SEASHELLS;4856.0;2
348000;;;PEARLS;SEASHELLS;10002.0;2
348000;;;PEARLS;SEASHELLS;10002.0;1
348300;;;PEARLS;SEASHELLS;10002.0;1
348700;;;BANANAS;SEASHELLS;4857.0;1
349300;;;PEARLS;SEASHELLS;9996.0;2
349600;;;BANANAS;SEASHELLS;4852.0;1
349700;;;BANANAS;SEASHELLS;4852.0;1
350100;;;PEARLS;SEASHELLS;10002.0;2
350100;;;PEARLS;SEASHELLS;10004.0;2
350100;;;BANANAS;SEASHELLS;4859.0;2
350200;;;BANANAS;SEASHELLS;4857.0;1
350200;;;PEARLS;SEASHELLS;9998.0;1
350300;;;PEARLS;SEASHELLS;9998.0;1
350700;;;BANANAS;SEASHELLS;4851.0;1
350700;;;COCONUTS;SEASHELLS;7924.0;10
350900;;;BANANAS;SEASHELLS;4853.0;2
351100;;;BANANAS;SEASHELLS;4853.0;1
351700;;;PEARLS;SEASHELLS;10002.0;1
352000;;;BANANAS;SEASHELLS;4853.0;2
352400;;;BANANAS;SEASHELLS;4856.0;1
352400;;;PEARLS;SEASHELLS;9995.0;5
352600;;;PEARLS;SEASHELLS;10004.0;4
352600;;;PEARLS;SEASHELLS;10004.0;2
352700;;;BANANAS;SEASHELLS;4857.0;1
353200;;;BANANAS;SEASHELLS;4859.0;1
353200;;;PEARLS;SEASHELLS;10004.0;1
353300;;;PEARLS;SEASHELLS;9998.0;1
353600;;;BANANAS;SEASHELLS;4858.0;1
353700;;;BANANAS;SEASHELLS;4859.0;1
353700;;;PINA_COLADAS;SEASHELLS;14857.0;4
353700;;;BANANAS;SEASHELLS;4858.0;1
353700;;;PEARLS;SEASHELLS;10002.0;1
353700;;;PEARLS;SEASHELLS;10004.0;1
353800;;;BANANAS;SEASHELLS;4859.0;9
354100;;;BANANAS;SEASHELLS;4858.0;1
354300;;;COCONUTS;SEASHELLS;7923.0;42
354300;;;COCONUTS;SEASHELLS;7923.0;1
354400;;;PEARLS;SEASHELLS;10002.0;6
354600;;;BANANAS;SEASHELLS;4852.0;1
354900;;;BANANAS;SEASHELLS;4852.0;3
355200;;;COCONUTS;SEASHELLS;7923.0;20
355200;;;BANANAS;SEASHELLS;4858.0;1
355200;;;BANANAS;SEASHELLS;4853.0;6
355200;;;COCONUTS;SEASHELLS;7923.0;49
355200;;;BANANAS;SEASHELLS;4853.0;2
355700;;;PEARLS;SEASHELLS;9996.0;1
355700;;;BANANAS;SEASHELLS;4857.0;1
355700;;;PEARLS;SEASHELLS;9996.0;1
355800;;;BANANAS;SEASHELLS;4852.0;3
356000;;;PEARLS;SEASHELLS;10005.0;1
356000;;;BANANAS;SEASHELLS;4859.0;1
356300;;;BANANAS;SEASHELLS;4852.0;2
356400;;;PEARLS;SEASHELLS;9998.0;1
356400;;;BANANAS;SEASHELLS;4856.0;1
356600;;;BANANAS;SEASHELLS;4856.0;1
356900;;;PEARLS;SEASHELLS;10002.0;2
356900;;;BANANAS;SEASHELLS;4853.0;2
357300;;;BANANAS;SEASHELLS;4857.0;2
357800;;;COCONUTS;SEASHELLS;7929.0;8
357900;;;BANANAS;SEASHELLS;4855.0;1
357900;;;PEARLS;SEASHELLS;10002.0;1
358000;;;BANANAS;SEASHELLS;4852.0;3
358200;;;BANANAS;SEASHELLS;4855.0;1
358200;;;BANANAS;SEASHELLS;4854.0;12
358400;;;PEARLS;SEASHELLS;9995.0;1
358400;;;BANANAS;SEASHELLS;4855.0;1
358700;;;PEARLS;SEASHELLS;10002.0;1
358700;;;BANANAS;SEASHELLS;4850.0;1
358800;;;PEARLS;SEASHELLS;9998.0;1
359000;;;PEARLS;SEASHELLS;10002.0;1
359300;;;PEARLS;SEASHELLS;9998.0;1
359500;;;PINA_COLADAS;SEASHELLS;14869.0;5
359600;;;BANANAS;SEASHELLS;4851.0;1
359700;;;PEARLS;SEASHELLS;9995.0;2
359700;;;BANANAS;SEASHELLS;4855.0;1
359700;;;COCONUTS;SEASHELLS;7927.0;10
359800;;;BANANAS;SEASHELLS;4855.0;1
359800;;;BANANAS;SEASHELLS;4855.0;5
359900;;;PEARLS;SEASHELLS;10004.0;1
359900;;;BANANAS;SEASHELLS;4856.0;2
359900;;;PEARLS;SEASHELLS;10004.0;1
360000;;;PEARLS;SEASHELLS;10002.0;1
360200;;;BANANAS;SEASHELLS;4850.0;1
360300;;;BANANAS;SEASHELLS;4857.0;5
360400;;;PEARLS;SEASHELLS;10004.0;2
360400;;;BANANAS;SEASHELLS;4857.0;2
360600;;;PEARLS;SEASHELLS;9998.0;1
360700;;;BANANAS;SEASHELLS;4856.0;1
361100;;;BANANAS;SEASHELLS;4850.0;1
361400;;;BANANAS;SEASHELLS;4855.0;1
361800;;;PEARLS;SEASHELLS;10002.0;1
362000;;;BANANAS;SEASHELLS;4849.0;1
362000;;;COCONUTS;SEASHELLS;7927.0;59
362100;;;BANANAS;SEASHELLS;4849.0;1
362200;;;BANANAS;SEASHELLS;4853.0;1
362500;;;PEARLS;SEASHELLS;10002.0;1
362800;;;BANANAS;SEASHELLS;4850.0;2
363100;;;PEARLS;SEASHELLS;9998.0;1
363200;;;PEARLS;SEASHELLS;9998.0;1
363200;;;BANANAS;SEASHELLS;4848.0;1
363400;;;PEARLS;SEASHELLS;10002.0;1
363400;;;BANANAS;SEASHELLS;4852.0;1
363900;;;PEARLS;SEASHELLS;10004.0;5
363900;;;PEARLS;SEASHELLS;10004.0;1
364000;;;PEARLS;SEASHELLS;9998.0;3
364000;;;PEARLS;SEASHELLS;9998.0;2
364400;;;BANANAS;SEASHELLS;4849.0;8
364500;;;PEARLS;SEASHELLS;10002.0;1
364500;;;BANANAS;SEASHELLS;4849.0;1
364700;;;PEARLS;SEASHELLS;9998.0;1
364700;;;BANANAS;SEASHELLS;4845.0;1
364700;;;BANANAS;SEASHELLS;4845.0;1
364700;;;PEARLS;SEASHELLS;9998.0;1
365000;;;PINA_COLADAS;SEASHELLS;14850.0;9
365300;;;BANANAS;SEASHELLS;4851.0;1
365400;;;PEARLS;SEASHELLS;9998.0;4
365700;;;PEARLS;SEASHELLS;10002.0;1
365800;;;PEARLS;SEASHELLS;9996.0;1
365800;;;PEARLS;SEASHELLS;9996.0;11
365900;;;BANANAS;SEASHELLS;4847.0;4
365900;;;PEARLS;SEASHELLS;10002.0;1
365900;;;BANANAS;SEASHELLS;4847.0;1
366000;;;PEARLS;SEASHELLS;10004.0;1
366000;;;PEARLS;SEASHELLS;10004.0;4
366000;;;PEARLS;SEASHELLS;10002.0;1
366200;;;PEARLS;SEASHELLS;9998.0;1
366500;;;PEARLS;SEASHELLS;9998.0;3
366800;;;BANANAS;SEASHELLS;4852.0;2
366800;;;PEARLS;SEASHELLS;10004.0;2
367300;;;PEARLS;SEASHELLS;9998.0;1
367300;;;PEARLS;SEASHELLS;10002.0;6
367400;;;COCONUTS;SEASHELLS;7915.0;9
367600;;;COCONUTS;SEASHELLS;7915.0;10
368000;;;BANANAS;SEASHELLS;4846.0;1
368000;;;PEARLS;SEASHELLS;9996.0;1
368300;;;PEARLS;SEASHELLS;10004.0;1
368300;;;BANANAS;SEASHELLS;4853.0;2
368400;;;PEARLS;SEASHELLS;10004.0;2
368400;;;BANANAS;SEASHELLS;4853.0;2
368500;;;PINA_COLADAS;SEASHELLS;14836.0;25
368500;;;BANANAS;SEASHELLS;4851.0;8
368900;;;BANANAS;SEASHELLS;4847.0;1
369300;;;BANANAS;SEASHELLS;4854.0;2
369600;;;PEARLS;SEASHELLS;10005.0;5
369700;;;BANANAS;SEASHELLS;4846.0;1
369900;;;BANANAS;SEASHELLS;4853.0;2
369900;;;PEARLS;SEASHELLS;10004.0;1
369900;;;PEARLS;SEASHELLS;10004.0;1
370200;;;PINA_COLADAS;SEASHELLS;14818.0;26
370300;;;PEARLS;SEASHELLS;10002.0;1
370400;;;PEARLS;SEASHELLS;9996.0;1
370400;;;BANANAS;SEASHELLS;4846.0;2
370600;;;COCONUTS;SEASHELLS;7911.0;18
370700;;;BANANAS;SEASHELLS;4851.0;1
370800;;;BANANAS;SEASHELLS;4852.0;2
370800;;;PEARLS;SEASHELLS;10004.0;2
371000;;;BANANAS;SEASHELLS;4852.0;1
371000;;;PEARLS;SEASHELLS;10005.0;1
371100;;;BANANAS;SEASHELLS;4846.0;1
371400;;;COCONUTS;SEASHELLS;7911.0;60
371600;;;PEARLS;SEASHELLS;9998.0;1
372200;;;COCONUTS;SEASHELLS;7912.0;7
372500;;;PINA_COLADAS;SEASHELLS;14827.0;5
372700;;;BANANAS;SEASHELLS;4842.0;1
372800;;;PEARLS;SEASHELLS;9998.0;1
372900;;;PEARLS;SEASHELLS;9998.0;1
373200;;;PEARLS;SEASHELLS;9998.0;1
373300;;;BANANAS;SEASHELLS;4843.0;2
373300;;;PEARLS;SEASHELLS;9995.0;6
373300;;;PEARLS;SEASHELLS;10002.0;1
373300;;;PEARLS;SEASHELLS;9995.0;2
373300;;;BANANAS;SEASHELLS;4848.0;1
373500;;;BANANAS;SEASHELLS;4849.0;1
373900;;;PEARLS;SEASHELLS;9996.0;2
373900;;;PEARLS;SEASHELLS;9996.0;7
374100;;;PEARLS;SEASHELLS;10004.0;1
374100;;;BANANAS;SEASHELLS;4848.0;1
374200;;;BANANAS;SEASHELLS;4848.0;2
374200;;;PEARLS;SEASHELLS;10004.0;2
374300;;;BANANAS;SEASHELLS;4846.0;2
374300;;;PINA_COLADAS;SEASHELLS;14817.0;3
374400;;;PINA_COLADAS;SEASHELLS;14817.0;32
374400;;;BANANAS;SEASHELLS;4847.0;1
374500;;;BANANAS;SEASHELLS;4846.0;1
374700;;;PEARLS;SEASHELLS;10002.0;1
374700;;;BANANAS;SEASHELLS;4845.0;4
374900;;;PEARLS;SEASHELLS;10002.0;1
375200;;;BANANAS;SEASHELLS;4841.0;2
375200;;;PEARLS;SEASHELLS;9996.0;2
375200;;;COCONUTS;SEASHELLS;7909.0;8
375400;;;BANANAS;SEASHELLS;4846.0;1
375500;;;BANANAS;SEASHELLS;4845.0;2
375600;;;BANANAS;SEASHELLS;4841.0;1
375700;;;BANANAS;SEASHELLS;4841.0;1
375900;;;PEARLS;SEASHELLS;9998.0;1
376200;;;BANANAS;SEASHELLS;4846.0;1
376400;;;PEARLS;SEASHELLS;9995.0;2
376400;;;BANANAS;SEASHELLS;4841.0;2
376600;;;PEARLS;SEASHELLS;10002.0;5
376700;;;PEARLS;SEASHELLS;9998.0;1
376700;;;PEARLS;SEASHELLS;9995.0;7
376900;;;BANANAS;SEASHELLS;4842.0;1
377400;;;BANANAS;SEASHELLS;4842.0;1
377600;;;BANANAS;SEASHELLS;4842.0;10
377700;;;PEARLS;SEASHELLS;10002.0;1
377800;;;PEARLS;SEASHELLS;10002.0;1
377800;;;BANANAS;SEASHELLS;4843.0;4
377900;;;PEARLS;SEASHELLS;10004.0;2
378000;;;BANANAS;SEASHELLS;4848.0;10
378000;;;BANANAS;SEASHELLS;4846.0;1
378100;;;PINA_COLADAS;SEASHELLS;14796.0;9
378200;;;COCONUTS;SEASHELLS;7905.0;7
378400;;;BANANAS;SEASHELLS;4840.0;11
378600;;;COCONUTS;SEASHELLS;7901.0;17
378900;;;PINA_COLADAS;SEASHELLS;14799.0;35
379000;;;BANANAS;SEASHELLS;4840.0;1
379200;;;COCONUTS;SEASHELLS;7903.0;24
379400;;;PEARLS;SEASHELLS;10002.0;1
379400;;;BANANAS;SEASHELLS;4841.0;3
379600;;;BANANAS;SEASHELLS;4844.0;1
379800;;;PEARLS;SEASHELLS;9995.0;2
379800;;;BANANAS;SEASHELLS;4839.0;2
379900;;;BANANAS;SEASHELLS;4839.0;2
380200;;;BANANAS;SEASHELLS;4844.0;1
381100;;;BANANAS;SEASHELLS;4839.0;1
381100;;;COCONUTS;SEASHELLS;7908.0;13
381500;;;PINA_COLADAS;SEASHELLS;14812.0;2
382100;;;PEARLS;SEASHELLS;9998.0;2
382200;;;BANANAS;SEASHELLS;4841.0;2
382900;;;BANANAS;SEASHELLS;4844.0;1
383200;;;BANANAS;SEASHELLS;4845.0;1
383200;;;PEARLS;SEASHELLS;10004.0;1
383300;;;PEARLS;SEASHELLS;9996.0;1
383300;;;PEARLS;SEASHELLS;9996.0;8
383400;;;BANANAS;SEASHELLS;4840.0;2
383500;;;PEARLS;SEASHELLS;10004.0;2
383600;;;PEARLS;SEASHELLS;9998.0;1
383700;;;BANANAS;SEASHELLS;4839.0;1
384000;;;PEARLS;SEASHELLS;9998.0;1
384000;;;BANANAS;SEASHELLS;4843.0;1
384200;;;PEARLS;SEASHELLS;9998.0;1
384300;;;BANANAS;SEASHELLS;4843.0;1
384400;;;PEARLS;SEASHELLS;10002.0;1
384400;;;PEARLS;SEASHELLS;10002.0;2
384400;;;BANANAS;SEASHELLS;4843.0;2
384600;;;PEARLS;SEASHELLS;9998.0;1
384700;;;PEARLS;SEASHELLS;10002.0;5
384900;;;PINA_COLADAS;SEASHELLS;14825.0;23
384900;;;COCONUTS;SEASHELLS;7917.0;25
385100;;;BANANAS;SEASHELLS;4842.0;1
385600;;;PEARLS;SEASHELLS;9998.0;2
385800;;;PEARLS;SEASHELLS;10002.0;1
386000;;;PEARLS;SEASHELLS;9998.0;4
386000;;;BANANAS;SEASHELLS;4838.0;1
386100;;;PEARLS;SEASHELLS;10002.0;1
386100;;;PEARLS;SEASHELLS;10004.0;11
386100;;;PEARLS;SEASHELLS;10004.0;1
386600;;;PEARLS;SEASHELLS;10002.0;3
386900;;;PEARLS;SEASHELLS;9998.0;1
387000;;;BANANAS;SEASHELLS;4838.0;8
387100;;;COCONUTS;SEASHELLS;7916.0;7
387100;;;BANANAS;SEASHELLS;4838.0;1
387200;;;PEARLS;SEASHELLS;10002.0;1
387400;;;BANANAS;SEASHELLS;4836.0;1
387400;;;PEARLS;SEASHELLS;9996.0;1
387600;;;PEARLS;SEASHELLS;9998.0;1
387600;;;PEARLS;SEASHELLS;9998.0;3
387600;;;PINA_COLADAS;SEASHELLS;14826.0;2
387900;;;PINA_COLADAS;SEASHELLS;14825.0;3
388400;;;BANANAS;SEASHELLS;4843.0;1
388400;;;PEARLS;SEASHELLS;9995.0;2
388900;;;BANANAS;SEASHELLS;4840.0;1
389200;;;PEARLS;SEASHELLS;9998.0;1
389200;;;BANANAS;SEASHELLS;4845.0;1
389400;;;BANANAS;SEASHELLS;4840.0;1
389400;;;PEARLS;SEASHELLS;9998.0;3
389900;;;PEARLS;SEASHELLS;10002.0;1
390100;;;BANANAS;SEASHELLS;4844.0;2
390100;;;PEARLS;SEASHELLS;10002.0;2
390100;;;BANANAS;SEASHELLS;4839.0;8
390200;;;PEARLS;SEASHELLS;10002.0;1
390300;;;PINA_COLADAS;SEASHELLS;14836.0;5
390400;;;PEARLS;SEASHELLS;9998.0;1
390800;;;BANANAS;SEASHELLS;4839.0;1
391100;;;BANANAS;SEASHELLS;4843.0;7
391300;;;PEARLS;SEASHELLS;10002.0;1
391700;;;PEARLS;SEASHELLS;9996.0;1
391700;;;PEARLS;SEASHELLS;9996.0;1
391700;;;BANANAS;SEASHELLS;4844.0;1
391800;;;COCONUTS;SEASHELLS;7917.0;13
391900;;;COCONUTS;SEASHELLS;7919.0;12
392100;;;PEARLS;SEASHELLS;9998.0;8
392100;;;PEARLS;SEASHELLS;9998.0;3
392400;;;BANANAS;SEASHELLS;4844.0;1
392600;;;BANANAS;SEASHELLS;4846.0;2
392600;;;PEARLS;SEASHELLS;9998.0;2
392800;;;BANANAS;SEASHELLS;4844.0;2
392800;;;PEARLS;SEASHELLS;10002.0;2
392900;;;PEARLS;SEASHELLS;9998.0;1
393400;;;BANANAS;SEASHELLS;4845.0;1
393700;;;PEARLS;SEASHELLS;10002.0;1
393800;;;BANANAS;SEASHELLS;4840.0;1
394700;;;BANANAS;SEASHELLS;4838.0;1
395300;;;PEARLS;SEASHELLS;10004.0;3
395300;;;BANANAS;SEASHELLS;4842.0;1
395300;;;PEARLS;SEASHELLS;10004.0;2
395300;;;PEARLS;SEASHELLS;10005.0;1
395400;;;PEARLS;SEASHELLS;9998.0;3
395500;;;BANANAS;SEASHELLS;4841.0;1
395500;;;PEARLS;SEASHELLS;9998.0;1
395600;;;PEARLS;SEASHELLS;10002.0;4
396500;;;BANANAS;SEASHELLS;4840.0;1
396900;;;BANANAS;SEASHELLS;4840.0;1
396900;;;PEARLS;SEASHELLS;9996.0;1
396900;;;BANANAS;SEASHELLS;4845.0;2
397000;;;PEARLS;SEASHELLS;9998.0;1
397700;;;BANANAS;SEASHELLS;4847.0;6
398200;;;PINA_COLADAS;SEASHELLS;14852.0;5
398300;;;PEARLS;SEASHELLS;10002.0;3
398400;;;PEARLS;SEASHELLS;10002.0;1
398800;;;PEARLS;SEASHELLS;9998.0;1
399000;;;PEARLS;SEASHELLS;9998.0;1
399100;;;BANANAS;SEASHELLS;4844.0;6
399100;;;PINA_COLADAS;SEASHELLS;14859.0;29
399200;;;BANANAS;SEASHELLS;4843.0;3
399200;;;PEARLS;SEASHELLS;9998.0;1
399200;;;BANANAS;SEASHELLS;4843.0;1
399300;;;BANANAS;SEASHELLS;4842.0;1
399400;;;BANANAS;SEASHELLS;4842.0;1
399500;;;BANANAS;SEASHELLS;4842.0;1
400000;;;BANANAS;SEASHELLS;4849.0;20
400000;;;BANANAS;SEASHELLS;4842.0;1
400400;;;BANANAS;SEASHELLS;4847.0;1
400500;;;PEARLS;SEASHELLS;10002.0;1
401200;;;BANANAS;SEASHELLS;4844.0;1
401200;;;BANANAS;SEASHELLS;4845.0;8
401300;;;PEARLS;SEASHELLS;9998.0;2
401300;;;BANANAS;SEASHELLS;4844.0;2
401400;;;BANANAS;SEASHELLS;4850.0;1
401400;;;PEARLS;SEASHELLS;10004.0;1
401500;;;BANANAS;SEASHELLS;4849.0;1
401600;;;PEARLS;SEASHELLS;9996.0;3
401600;;;PEARLS;SEASHELLS;9996.0;1
401900;;;BANANAS;SEASHELLS;4846.0;1
402300;;;BANANAS;SEASHELLS;4845.0;2
402300;;;PEARLS;SEASHELLS;9996.0;2
402700;;;PEARLS;SEASHELLS;10004.0;2
402800;;;PEARLS;SEASHELLS;10002.0;9
402800;;;COCONUTS;SEASHELLS;7929.0;6
402800;;;PEARLS;SEASHELLS;10002.0;1
403100;;;PEARLS;SEASHELLS;10005.0;1
403100;;;BANANAS;SEASHELLS;4851.0;1
403100;;;PINA_COLADAS;SEASHELLS;14886.0;4
403200;;;PINA_COLADAS;SEASHELLS;14887.0;2
403500;;;BANANAS;SEASHELLS;4845.0;1
403900;;;BANANAS;SEASHELLS;4846.0;1
404000;;;BANANAS;SEASHELLS;4845.0;8
404100;;;PEARLS;SEASHELLS;9996.0;1
404300;;;BANANAS;SEASHELLS;4845.0;2
404300;;;PEARLS;SEASHELLS;9998.0;2
404500;;;PINA_COLADAS;SEASHELLS;14896.0;21
404500;;;PEARLS;SEASHELLS;10002.0;1
404500;;;PINA_COLADAS;SEASHELLS;14896.0;6
404800;;;BANANAS;SEASHELLS;4845.0;4
405100;;;PINA_COLADAS;SEASHELLS;14894.0;27
405100;;;BANANAS;SEASHELLS;4845.0;1
405400;;;PEARLS;SEASHELLS;9998.0;1
405400;;;PEARLS;SEASHELLS;9998.0;3
405700;;;COCONUTS;SEASHELLS;7930.0;14
405900;;;BANANAS;SEASHELLS;4844.0;2
405900;;;PEARLS;SEASHELLS;9998.0;2
405900;;;BANANAS;SEASHELLS;4844.0;1
406300;;;BANANAS;SEASHELLS;4842.0;2
406300;;;PEARLS;SEASHELLS;9995.0;2
406400;;;PEARLS;SEASHELLS;10005.0;2
406400;;;BANANAS;SEASHELLS;4848.0;2
406500;;;BANANAS;SEASHELLS;4849.0;1
406500;;;PEARLS;SEASHELLS;10004.0;1
406600;;;BANANAS;SEASHELLS;4842.0;14
406700;;;BANANAS;SEASHELLS;4843.0;1
406800;;;BANANAS;SEASHELLS;4843.0;2
406800;;;PEARLS;SEASHELLS;10002.0;1
406800;;;BANANAS;SEASHELLS;4849.0;9
407000;;;PINA_COLADAS;SEASHELLS;14899.0;10
407000;;;BANANAS;SEASHELLS;4842.0;1
407100;;;PEARLS;SEASHELLS;9996.0;1
407100;;;BANANAS;SEASHELLS;4842.0;1
407700;;;BANANAS;SEASHELLS;4847.0;1
408200;;;PEARLS;SEASHELLS;9998.0;1
408200;;;COCONUTS;SEASHELLS;7931.0;10
408500;;;PEARLS;SEASHELLS;9998.0;1
409200;;;PEARLS;SEASHELLS;9998.0;1
409200;;;BANANAS;SEASHELLS;4845.0;1
409200;;;PEARLS;SEASHELLS;9998.0;3
409200;;;PEARLS;SEASHELLS;9998.0;9
409400;;;PEARLS;SEASHELLS;9996.0;1
409400;;;BANANAS;SEASHELLS;4840.0;1
409700;;;PINA_COLADAS;SEASHELLS;14901.0;7
409800;;;PEARLS;SEASHELLS;10002.0;1
410100;;;PEARLS;SEASHELLS;10002.0;4
410100;;;PEARLS;SEASHELLS;10002.0;1
410200;;;PEARLS;SEASHELLS;9998.0;1
410300;;;PINA_COLADAS;SEASHELLS;14907.0;4
410600;;;BANANAS;SEASHELLS;4846.0;20
410900;;;PEARLS;SEASHELLS;10002.0;1
411200;;;BANANAS;SEASHELLS;4845.0;1
411200;;;PEARLS;SEASHELLS;10002.0;1
411300;;;PEARLS;SEASHELLS;10005.0;3
412200;;;PEARLS;SEASHELLS;9998.0;6
412200;;;PEARLS;SEASHELLS;9998.0;4
412700;;;BANANAS;SEASHELLS;4846.0;1
412700;;;PEARLS;SEASHELLS;9998.0;1
413100;;;BANANAS;SEASHELLS;4842.0;3
413200;;;BANANAS;SEASHELLS;4846.0;1
413300;;;PEARLS;SEASHELLS;9998.0;1
413400;;;BANANAS;SEASHELLS;4841.0;1
413500;;;PEARLS;SEASHELLS;9996.0;1
413500;;;BANANAS;SEASHELLS;4841.0;2
413500;;;PEARLS;SEASHELLS;9996.0;1
414100;;;BANANAS;SEASHELLS;4841.0;1
414400;;;PEARLS;SEASHELLS;9998.0;1
414500;;;BANANAS;SEASHELLS;4844.0;1
414500;;;PEARLS;SEASHELLS;10002.0;1
414800;;;BANANAS;SEASHELLS;4840.0;1
415100;;;PEARLS;SEASHELLS;9998.0;1
415100;;;BANANAS;SEASHELLS;4846.0;1
415300;;;BANANAS;SEASHELLS;4847.0;2
415300;;;PEARLS;SEASHELLS;10005.0;2
415300;;;PEARLS;SEASHELLS;10004.0;2
415300;;;PEARLS;SEASHELLS;10004.0;3
415400;;;PEARLS;SEASHELLS;10004.0;1
415400;;;BANANAS;SEASHELLS;4847.0;1
415700;;;PEARLS;SEASHELLS;9998.0;4
416000;;;BANANAS;SEASHELLS;4840.0;2
416000;;;COCONUTS;SEASHELLS;7924.0;30
416000;;;PEARLS;SEASHELLS;9996.0;1
416100;;;BANANAS;SEASHELLS;4840.0;1
416400;;;PEARLS;SEASHELLS;9998.0;1
416600;;;PEARLS;SEASHELLS;10002.0;1
416800;;;BANANAS;SEASHELLS;4842.0;1
417000;;;PEARLS;SEASHELLS;9998.0;1
417000;;;PEARLS;SEASHELLS;9998.0;3
417300;;;BANANAS;SEASHELLS;4839.0;1
417300;;;PEARLS;SEASHELLS;9995.0;1
417400;;;BANANAS;SEASHELLS;4838.0;1
417400;;;PEARLS;SEASHELLS;10002.0;1
417400;;;BANANAS;SEASHELLS;4839.0;1
417500;;;BANANAS;SEASHELLS;4843.0;1
417600;;;BANANAS;SEASHELLS;4845.0;11
417800;;;PINA_COLADAS;SEASHELLS;14903.0;3
418100;;;PINA_COLADAS;SEASHELLS;14899.0;12
418200;;;PEARLS;SEASHELLS;10004.0;1
418200;;;BANANAS;SEASHELLS;4846.0;1
418300;;;BANANAS;SEASHELLS;4844.0;1
418600;;;BANANAS;SEASHELLS;4837.0;1
419000;;;PEARLS;SEASHELLS;9996.0;2
419300;;;BANANAS;SEASHELLS;4841.0;1
419400;;;BANANAS;SEASHELLS;4841.0;1
419500;;;PEARLS;SEASHELLS;9995.0;1
419500;;;BANANAS;SEASHELLS;4835.0;1
419600;;;PEARLS;SEASHELLS;9998.0;1
420000;;;PEARLS;SEASHELLS;9998.0;1
420000;;;BANANAS;SEASHELLS;4835.0;1
420000;;;PEARLS;SEASHELLS;9996.0;3
420000;;;PEARLS;SEASHELLS;9996.0;1
420000;;;PEARLS;SEASHELLS;9998.0;2
420200;;;BANANAS;SEASHELLS;4841.0;1
420300;;;BANANAS;SEASHELLS;4842.0;18
420400;;;BANANAS;SEASHELLS;4836.0;10
420400;;;PEARLS;SEASHELLS;9998.0;5
420600;;;BANANAS;SEASHELLS;4840.0;1
420600;;;BANANAS;SEASHELLS;4840.0;2
420600;;;PEARLS;SEASHELLS;9998.0;1
420900;;;PINA_COLADAS;SEASHELLS;14892.0;3
421300;;;BANANAS;SEASHELLS;4843.0;2
421300;;;PEARLS;SEASHELLS;10005.0;2
421400;;;BANANAS;SEASHELLS;4842.0;2
421400;;;PEARLS;SEASHELLS;10004.0;1
421400;;;PEARLS;SEASHELLS;10004.0;1
421500;;;PEARLS;SEASHELLS;9998.0;1
422300;;;BANANAS;SEASHELLS;4841.0;1
422400;;;PEARLS;SEASHELLS;9998.0;1
422600;;;PEARLS;SEASHELLS;9998.0;1
423100;;;BANANAS;SEASHELLS;4837.0;8
423200;;;COCONUTS;SEASHELLS;7931.0;9
423400;;;PEARLS;SEASHELLS;9996.0;1
423400;;;PEARLS;SEASHELLS;9996.0;3
423700;;;PEARLS;SEASHELLS;10002.0;2
423800;;;PEARLS;SEASHELLS;9998.0;3
423900;;;PEARLS;SEASHELLS;10002.0;1
424100;;;BANANAS;SEASHELLS;4842.0;1
424200;;;BANANAS;SEASHELLS;4838.0;1
425000;;;BANANAS;SEASHELLS;4845.0;1
425400;;;PEARLS;SEASHELLS;10002.0;1
425500;;;PEARLS;SEASHELLS;10002.0;1
425600;;;BANANAS;SEASHELLS;4843.0;1
425600;;;PEARLS;SEASHELLS;10000.0;1
426000;;;PEARLS;SEASHELLS;9995.0;2
426000;;;BANANAS;SEASHELLS;4838.0;2
426000;;;BANANAS;SEASHELLS;4838.0;2
426200;;;BANANAS;SEASHELLS;4843.0;1
427800;;;BANANAS;SEASHELLS;4843.0;6
427800;;;PEARLS;SEASHELLS;10005.0;9
427900;;;PEARLS;SEASHELLS;10002.0;1
428100;;;COCONUTS;SEASHELLS;7934.0;6
428100;;;PINA_COLADAS;SEASHELLS;14900.0;13
428400;;;BANANAS;SEASHELLS;4836.0;1
428400;;;PEARLS;SEASHELLS;10002.0;1
428400;;;BANANAS;SEASHELLS;4836.0;3
428500;;;PEARLS;SEASHELLS;10004.0;2
428500;;;PEARLS;SEASHELLS;10004.0;2
428700;;;PEARLS;SEASHELLS;9998.0;2
428800;;;BANANAS;SEASHELLS;4840.0;1
429000;;;BANANAS;SEASHELLS;4840.0;1
429000;;;PEARLS;SEASHELLS;10002.0;1
429100;;;BANANAS;SEASHELLS;4837.0;3
429100;;;COCONUTS;SEASHELLS;7929.0;10
429200;;;PEARLS;SEASHELLS;10005.0;10
429900;;;BANANAS;SEASHELLS;4837.0;7
430100;;;PEARLS;SEASHELLS;10004.0;2
430300;;;BANANAS;SEASHELLS;4838.0;1
430300;;;PEARLS;SEASHELLS;10004.0;5
430300;;;PEARLS;SEASHELLS;10002.0;11
430300;;;BANANAS;SEASHELLS;4844.0;1
430300;;;PEARLS;SEASHELLS;10004.0;1
430300;;;PEARLS;SEASHELLS;10005.0;1
430500;;;BANANAS;SEASHELLS;4845.0;9
430600;;;BANANAS;SEASHELLS;4839.0;1
430600;;;BANANAS;SEASHELLS;4839.0;14
430600;;;PEARLS;SEASHELLS;10002.0;1
430600;;;BANANAS;SEASHELLS;4838.0;2
430700;;;PEARLS;SEASHELLS;10005.0;9
431100;;;BANANAS;SEASHELLS;4843.0;1
431200;;;COCONUTS;SEASHELLS;7931.0;54
431300;;;BANANAS;SEASHELLS;4844.0;8
431400;;;COCONUTS;SEASHELLS;7931.0;66
431600;;;BANANAS;SEASHELLS;4843.0;1
431600;;;PEARLS;SEASHELLS;10004.0;11
431600;;;PEARLS;SEASHELLS;10004.0;1
432300;;;BANANAS;SEASHELLS;4837.0;1
432300;;;PEARLS;SEASHELLS;9995.0;1
432600;;;BANANAS;SEASHELLS;4844.0;1
432900;;;BANANAS;SEASHELLS;4842.0;1
432900;;;BANANAS;SEASHELLS;4844.0;12
433200;;;BANANAS;SEASHELLS;4843.0;2
433300;;;BANANAS;SEASHELLS;4837.0;1
433300;;;PEARLS;SEASHELLS;9996.0;1
433400;;;COCONUTS;SEASHELLS;7925.0;10
433700;;;PEARLS;SEASHELLS;9998.0;1
433900;;;COCONUTS;SEASHELLS;7930.0;5
433900;;;PEARLS;SEASHELLS;9998.0;1
433900;;;BANANAS;SEASHELLS;4837.0;1
434200;;;COCONUTS;SEASHELLS;7927.0;8
434300;;;PEARLS;SEASHELLS;10004.0;2
434400;;;BANANAS;SEASHELLS;4837.0;8
434900;;;BANANAS;SEASHELLS;4841.0;1
435100;;;BANANAS;SEASHELLS;4841.0;1
435100;;;BANANAS;SEASHELLS;4836.0;1
435100;;;PEARLS;SEASHELLS;10002.0;1
436200;;;PEARLS;SEASHELLS;9996.0;4
436200;;;PEARLS;SEASHELLS;9996.0;2
436400;;;PINA_COLADAS;SEASHELLS;14897.0;11
436800;;;PEARLS;SEASHELLS;10002.0;1
437000;;;BANANAS;SEASHELLS;4842.0;5
437100;;;BANANAS;SEASHELLS;4840.0;4
437100;;;PEARLS;SEASHELLS;10002.0;1
437400;;;BANANAS;SEASHELLS;4839.0;4
437800;;;BANANAS;SEASHELLS;4835.0;1
438200;;;BANANAS;SEASHELLS;4835.0;16
438300;;;BANANAS;SEASHELLS;4835.0;1
438600;;;BANANAS;SEASHELLS;4840.0;1
438900;;;PEARLS;SEASHELLS;9996.0;2
439000;;;BANANAS;SEASHELLS;4835.0;1
439200;;;BANANAS;SEASHELLS;4835.0;1
439600;;;PEARLS;SEASHELLS;10002.0;5
439800;;;BANANAS;SEASHELLS;4836.0;1
439900;;;PEARLS;SEASHELLS;9998.0;2
439900;;;BANANAS;SEASHELLS;4836.0;3
440100;;;PEARLS;SEASHELLS;9996.0;1
440100;;;BANANAS;SEASHELLS;4835.0;1
440200;;;BANANAS;SEASHELLS;4835.0;1
440900;;;PEARLS;SEASHELLS;9996.0;1
440900;;;PEARLS;SEASHELLS;9996.0;7
441400;;;PEARLS;SEASHELLS;10002.0;3
441500;;;BANANAS;SEASHELLS;4833.0;1
441600;;;PEARLS;SEASHELLS;9996.0;2
441600;;;PEARLS;SEASHELLS;9996.0;4
441600;;;BANANAS;SEASHELLS;4837.0;13
441700;;;BANANAS;SEASHELLS;4832.0;5
441700;;;PINA_COLADAS;SEASHELLS;14881.0;29
441800;;;BANANAS;SEASHELLS;4833.0;1
441900;;;BANANAS;SEASHELLS;4832.0;1
442100;;;BANANAS;SEASHELLS;4837.0;1
442300;;;PINA_COLADAS;SEASHELLS;14885.0;8
442300;;;PINA_COLADAS;SEASHELLS;14885.0;23
443000;;;BANANAS;SEASHELLS;4837.0;1
443200;;;PINA_COLADAS;SEASHELLS;14887.0;4
443300;;;PEARLS;SEASHELLS;10002.0;1
443300;;;BANANAS;SEASHELLS;4837.0;1
443400;;;BANANAS;SEASHELLS;4836.0;1
443900;;;PEARLS;SEASHELLS;9996.0;1
443900;;;BANANAS;SEASHELLS;4835.0;1
444300;;;COCONUTS;SEASHELLS;7920.0;10
444400;;;BANANAS;SEASHELLS;4832.0;5
444700;;;PEARLS;SEASHELLS;10002.0;1
445000;;;BANANAS;SEASHELLS;4832.0;9
445100;;;PEARLS;SEASHELLS;9998.0;1
445700;;;BANANAS;SEASHELLS;4830.0;1
445700;;;PEARLS;SEASHELLS;10005.0;2
446300;;;PEARLS;SEASHELLS;10002.0;1
446600;;;PINA_COLADAS;SEASHELLS;14887.0;27
446800;;;PEARLS;SEASHELLS;10002.0;1
447400;;;BANANAS;SEASHELLS;4831.0;1
447400;;;PEARLS;SEASHELLS;9998.0;1
447500;;;PEARLS;SEASHELLS;9998.0;1
447600;;;BANANAS;SEASHELLS;4836.0;1
448200;;;PEARLS;SEASHELLS;9998.0;1
448200;;;PINA_COLADAS;SEASHELLS;14881.0;15
448200;;;PEARLS;SEASHELLS;9995.0;2
448300;;;BANANAS;SEASHELLS;4832.0;1
448400;;;BANANAS;SEASHELLS;4837.0;2
448400;;;PEARLS;SEASHELLS;10002.0;2
448500;;;BANANAS;SEASHELLS;4832.0;1
448600;;;BANANAS;SEASHELLS;4831.0;14
449200;;;BANANAS;SEASHELLS;4831.0;1
449500;;;PEARLS;SEASHELLS;9995.0;11
449800;;;BANANAS;SEASHELLS;4832.0;1
449800;;;PEARLS;SEASHELLS;9998.0;1
450000;;;PEARLS;SEASHELLS;9996.0;6
450000;;;PEARLS;SEASHELLS;9996.0;2
450600;;;BANANAS;SEASHELLS;4828.0;1
451200;;;PEARLS;SEASHELLS;10002.0;1
452000;;;BANANAS;SEASHELLS;4829.0;12
452900;;;BANANAS;SEASHELLS;4830.0;3
453000;;;BANANAS;SEASHELLS;4832.0;5
453100;;;PEARLS;SEASHELLS;9998.0;1
453300;;;BANANAS;SEASHELLS;4836.0;2
453300;;;PEARLS;SEASHELLS;10005.0;2
453500;;;BANANAS;SEASHELLS;4830.0;8
453700;;;BANANAS;SEASHELLS;4828.0;2
453700;;;PEARLS;SEASHELLS;9996.0;2
453800;;;BANANAS;SEASHELLS;4829.0;1
454000;;;BANANAS;SEASHELLS;4833.0;4
454100;;;BANANAS;SEASHELLS;4833.0;1
454300;;;BANANAS;SEASHELLS;4833.0;1
454700;;;BANANAS;SEASHELLS;4833.0;1
454900;;;BANANAS;SEASHELLS;4834.0;1
455100;;;BANANAS;SEASHELLS;4829.0;1
455200;;;BANANAS;SEASHELLS;4833.0;3
455400;;;PINA_COLADAS;SEASHELLS;14883.0;4
455600;;;BANANAS;SEASHELLS;4829.0;8
455900;;;BANANAS;SEASHELLS;4832.0;1
456100;;;BANANAS;SEASHELLS;4826.0;2
456100;;;PEARLS;SEASHELLS;9995.0;2
456200;;;BANANAS;SEASHELLS;4830.0;5
456500;;;PEARLS;SEASHELLS;10002.0;1
456500;;;COCONUTS;SEASHELLS;7911.0;10
456600;;;PINA_COLADAS;SEASHELLS;14874.0;5
