timestamp;buyer;seller;symbol;currency;price;quantity
0;;;BANANAS;SEASHELLS;5003.0;1
0;;;PEARLS;SEASHELLS;9996.0;1
0;;;PEARLS;SEASHELLS;9996.0;1
1100;;;BANANAS;SEASHELLS;4998.0;1
1300;;;BANANAS;SEASHELLS;5000.0;4
1300;;;BANANAS;SEASHELLS;5000.0;3
1400;;;BANANAS;SEASHELLS;4997.0;10
1500;;;BANANAS;SEASHELLS;5004.0;1
1500;;;PEARLS;SEASHELLS;10004.0;1
1800;;;BANANAS;SEASHELLS;5003.0;1
2000;;;BANANAS;SEASHELLS;5002.0;1
2500;;;PEARLS;SEASHELLS;9998.0;1
3200;;;BANANAS;SEASHELLS;4996.0;1
3200;;;PEARLS;SEASHELLS;9996.0;1
3300;;;PEARLS;SEASHELLS;9995.0;2
3300;;;BANANAS;SEASHELLS;4996.0;2
3600;;;PEARLS;SEASHELLS;10005.0;6
3900;;;BANANAS;SEASHELLS;5002.0;1
4000;;;PEARLS;SEASHELLS;9998.0;1
4200;;;BANANAS;SEASHELLS;4996.0;1
4200;;;PEARLS;SEASHELLS;10004.0;2
4200;;;PEARLS;SEASHELLS;10004.0;1
6400;;;BANANAS;SEASHELLS;4995.0;1
6600;;;BANANAS;SEASHELLS;4995.0;1
6700;;;PEARLS;SEASHELLS;9998.0;2
6700;;;BANANAS;SEASHELLS;4996.0;2
6900;;;BANANAS;SEASHELLS;4999.0;1
6900;;;BANANAS;SEASHELLS;4999.0;1
7300;;;BANANAS;SEASHELLS;4995.0;1
7400;;;BANANAS;SEASHELLS;5000.0;1
7400;;;BANANAS;SEASHELLS;4996.0;1
7400;;;PEARLS;SEASHELLS;10002.0;1
7500;;;PEARLS;SEASHELLS;10002.0;1
8200;;;BANANAS;SEASHELLS;5000.0;1
8600;;;BANANAS;SEASHELLS;4999.0;1
8600;;;PEARLS;SEASHELLS;10002.0;1
8700;;;PEARLS;SEASHELLS;10002.0;2
8700;;;BANANAS;SEASHELLS;4999.0;2
8800;;;PEARLS;SEASHELLS;10002.0;1
8800;;;BANANAS;SEASHELLS;4999.0;1
9600;;;PEARLS;SEASHELLS;10000.0;3
10100;;;PEARLS;SEASHELLS;9998.0;1
10200;;;PEARLS;SEASHELLS;9996.0;1
10200;;;BANANAS;SEASHELLS;4994.0;1
10500;;;BANANAS;SEASHELLS;4999.0;5
11100;;;BANANAS;SEASHELLS;5001.0;2
11100;;;PEARLS;SEASHELLS;10005.0;2
11300;;;BANANAS;SEASHELLS;4994.0;1
11400;;;BANANAS;SEASHELLS;4995.0;1
12800;;;BANANAS;SEASHELLS;4994.0;13
12900;;;BANANAS;SEASHELLS;4999.0;1
13000;;;PEARLS;SEASHELLS;9998.0;1
13500;;;BANANAS;SEASHELLS;4993.0;1
13600;;;PEARLS;SEASHELLS;9998.0;1
13900;;;BANANAS;SEASHELLS;4992.0;2
13900;;;PEARLS;SEASHELLS;9996.0;1
13900;;;PEARLS;SEASHELLS;9996.0;1
14000;;;PEARLS;SEASHELLS;10005.0;7
14300;;;BANANAS;SEASHELLS;4992.0;1
15000;;;BANANAS;SEASHELLS;4992.0;1
15100;;;PEARLS;SEASHELLS;10005.0;4
15400;;;PEARLS;SEASHELLS;10002.0;5
15800;;;BANANAS;SEASHELLS;4996.0;8
15800;;;BANANAS;SEASHELLS;4996.0;2
16500;;;BANANAS;SEASHELLS;4995.0;9
16500;;;BANANAS;SEASHELLS;4995.0;5
16700;;;BANANAS;SEASHELLS;4994.0;4
16800;;;BANANAS;SEASHELLS;4999.0;2
17300;;;PEARLS;SEASHELLS;10002.0;1
17800;;;BANANAS;SEASHELLS;4995.0;5
18100;;;BANANAS;SEASHELLS;4992.0;1
18200;;;BANANAS;SEASHELLS;4994.0;5
18200;;;PEARLS;SEASHELLS;9998.0;1
18300;;;PEARLS;SEASHELLS;10005.0;2
18300;;;PEARLS;SEASHELLS;9998.0;1
18300;;;BANANAS;SEASHELLS;4998.0;2
18500;;;PEARLS;SEASHELLS;10005.0;5
18600;;;BANANAS;SEASHELLS;4993.0;1
19200;;;BANANAS;SEASHELLS;4992.0;1
19400;;;BANANAS;SEASHELLS;4991.0;1
19500;;;PEARLS;SEASHELLS;10002.0;1
19600;;;BANANAS;SEASHELLS;4995.0;1
19600;;;PEARLS;SEASHELLS;10002.0;1
19900;;;PEARLS;SEASHELLS;10002.0;1
20200;;;PEARLS;SEASHELLS;10002.0;1
20300;;;BANANAS;SEASHELLS;4998.0;1
20300;;;BANANAS;SEASHELLS;4997.0;1
20300;;;BANANAS;SEASHELLS;4998.0;5
20300;;;BANANAS;SEASHELLS;4996.0;5
20400;;;BANANAS;SEASHELLS;4992.0;2
20600;;;PEARLS;SEASHELLS;9998.0;1
20600;;;PEARLS;SEASHELLS;9995.0;9
20900;;;BANANAS;SEASHELLS;4998.0;1
20900;;;PEARLS;SEASHELLS;9998.0;1
21300;;;BANANAS;SEASHELLS;4996.0;1
21300;;;PEARLS;SEASHELLS;10002.0;1
22300;;;BANANAS;SEASHELLS;4990.0;1
22700;;;PEARLS;SEASHELLS;9998.0;1
23000;;;PEARLS;SEASHELLS;9998.0;4
23100;;;BANANAS;SEASHELLS;4990.0;1
23300;;;PEARLS;SEASHELLS;9998.0;2
23900;;;PEARLS;SEASHELLS;9998.0;3
23900;;;PEARLS;SEASHELLS;9995.0;8
24300;;;PEARLS;SEASHELLS;10002.0;1
24500;;;BANANAS;SEASHELLS;4993.0;1
24600;;;BANANAS;SEASHELLS;4994.0;16
24600;;;PEARLS;SEASHELLS;9996.0;2
24600;;;PEARLS;SEASHELLS;9996.0;2
25100;;;BANANAS;SEASHELLS;4992.0;1
25100;;;PEARLS;SEASHELLS;10002.0;1
25600;;;PEARLS;SEASHELLS;10004.0;2
25600;;;BANANAS;SEASHELLS;4993.0;2
25700;;;PEARLS;SEASHELLS;10002.0;8
25700;;;PEARLS;SEASHELLS;10002.0;3
26300;;;BANANAS;SEASHELLS;4986.0;1
26400;;;BANANAS;SEASHELLS;4985.0;1
26400;;;PEARLS;SEASHELLS;10005.0;9
26600;;;BANANAS;SEASHELLS;4991.0;15
26700;;;BANANAS;SEASHELLS;4990.0;1
27000;;;PEARLS;SEASHELLS;10002.0;1
27200;;;BANANAS;SEASHELLS;4985.0;1
27700;;;PEARLS;SEASHELLS;9998.0;1
27700;;;PEARLS;SEASHELLS;9998.0;3
27900;;;PEARLS;SEASHELLS;10002.0;4
28000;;;PEARLS;SEASHELLS;10005.0;1
28000;;;BANANAS;SEASHELLS;4991.0;1
28300;;;BANANAS;SEASHELLS;4985.0;12
28300;;;PEARLS;SEASHELLS;9998.0;1
28300;;;BANANAS;SEASHELLS;4985.0;1
28300;;;PEARLS;SEASHELLS;9998.0;2
28300;;;BANANAS;SEASHELLS;4985.0;2
28500;;;BANANAS;SEASHELLS;4985.0;3
28600;;;BANANAS;SEASHELLS;4989.0;1
28600;;;BANANAS;SEASHELLS;4989.0;2
28600;;;PEARLS;SEASHELLS;9998.0;1
29400;;;PEARLS;SEASHELLS;10005.0;2
29400;;;BANANAS;SEASHELLS;4990.0;2
29500;;;PEARLS;SEASHELLS;9998.0;3
29500;;;PEARLS;SEASHELLS;9998.0;2
29900;;;BANANAS;SEASHELLS;4989.0;5
29900;;;BANANAS;SEASHELLS;4990.0;1
30300;;;BANANAS;SEASHELLS;4989.0;1
30400;;;BANANAS;SEASHELLS;4984.0;1
30400;;;PEARLS;SEASHELLS;10004.0;1
30400;;;PEARLS;SEASHELLS;10004.0;6
30900;;;BANANAS;SEASHELLS;4984.0;1
31000;;;PEARLS;SEASHELLS;9996.0;1
31000;;;BANANAS;SEASHELLS;4984.0;1
31200;;;BANANAS;SEASHELLS;4985.0;1
31300;;;PEARLS;SEASHELLS;9998.0;1
31300;;;BANANAS;SEASHELLS;4990.0;1
31600;;;PEARLS;SEASHELLS;10002.0;3
31800;;;PEARLS;SEASHELLS;10002.0;1
32100;;;PEARLS;SEASHELLS;10002.0;4
32500;;;PEARLS;SEASHELLS;10002.0;1
32700;;;BANANAS;SEASHELLS;4987.0;1
32800;;;PEARLS;SEASHELLS;9996.0;2
32800;;;PEARLS;SEASHELLS;9995.0;2
32800;;;BANANAS;SEASHELLS;4982.0;2
33100;;;BANANAS;SEASHELLS;4987.0;8
33100;;;BANANAS;SEASHELLS;4987.0;5
33200;;;BANANAS;SEASHELLS;4983.0;1
33300;;;BANANAS;SEASHELLS;4988.0;1
33500;;;PEARLS;SEASHELLS;10002.0;3
33800;;;BANANAS;SEASHELLS;4983.0;2
33900;;;BANANAS;SEASHELLS;4987.0;1
34000;;;BANANAS;SEASHELLS;4988.0;1
34000;;;PEARLS;SEASHELLS;9998.0;1
34100;;;PEARLS;SEASHELLS;10002.0;1
34900;;;BANANAS;SEASHELLS;4981.0;1
35300;;;BANANAS;SEASHELLS;4981.0;1
35600;;;PEARLS;SEASHELLS;10002.0;1
35700;;;BANANAS;SEASHELLS;4982.0;14
35700;;;BANANAS;SEASHELLS;4982.0;1
36300;;;BANANAS;SEASHELLS;4989.0;1
36300;;;PEARLS;SEASHELLS;10005.0;1
36500;;;PEARLS;SEASHELLS;10005.0;4
36800;;;BANANAS;SEASHELLS;4982.0;1
37300;;;BANANAS;SEASHELLS;4983.0;1
37400;;;PEARLS;SEASHELLS;10002.0;1
37400;;;BANANAS;SEASHELLS;4984.0;2
37900;;;PEARLS;SEASHELLS;9995.0;4
38300;;;BANANAS;SEASHELLS;4990.0;13
38400;;;PEARLS;SEASHELLS;10004.0;2
38500;;;PEARLS;SEASHELLS;10002.0;6
38500;;;BANANAS;SEASHELLS;4989.0;1
38900;;;BANANAS;SEASHELLS;4984.0;1
38900;;;BANANAS;SEASHELLS;4984.0;2
38900;;;PEARLS;SEASHELLS;9995.0;2
39100;;;PEARLS;SEASHELLS;10002.0;5
39300;;;PEARLS;SEASHELLS;9996.0;1
39300;;;BANANAS;SEASHELLS;4984.0;1
39400;;;BANANAS;SEASHELLS;4984.0;1
39500;;;BANANAS;SEASHELLS;4989.0;1
40500;;;BANANAS;SEASHELLS;4983.0;1
40600;;;BANANAS;SEASHELLS;4983.0;1
41100;;;BANANAS;SEASHELLS;4983.0;1
41500;;;PEARLS;SEASHELLS;10002.0;1
41500;;;PEARLS;SEASHELLS;10000.0;2
41600;;;BANANAS;SEASHELLS;4982.0;1
41600;;;PEARLS;SEASHELLS;9995.0;1
42300;;;BANANAS;SEASHELLS;4987.0;7
42900;;;BANANAS;SEASHELLS;4988.0;1
42900;;;PEARLS;SEASHELLS;10002.0;1
43100;;;BANANAS;SEASHELLS;4990.0;2
43100;;;PEARLS;SEASHELLS;10005.0;2
43400;;;PEARLS;SEASHELLS;10002.0;1
43500;;;BANANAS;SEASHELLS;4984.0;1
43700;;;PEARLS;SEASHELLS;9998.0;1
43900;;;PEARLS;SEASHELLS;10004.0;2
43900;;;BANANAS;SEASHELLS;4984.0;1
43900;;;BANANAS;SEASHELLS;4990.0;2
44000;;;PEARLS;SEASHELLS;9998.0;1
44700;;;BANANAS;SEASHELLS;4989.0;1
44800;;;PEARLS;SEASHELLS;9996.0;1
45100;;;PEARLS;SEASHELLS;9996.0;1
45100;;;BANANAS;SEASHELLS;4986.0;1
45600;;;BANANAS;SEASHELLS;4990.0;8
45800;;;PEARLS;SEASHELLS;9996.0;10
45800;;;BANANAS;SEASHELLS;4987.0;1
45800;;;PEARLS;SEASHELLS;9996.0;1
45900;;;BANANAS;SEASHELLS;4991.0;8
45900;;;BANANAS;SEASHELLS;4991.0;4
46200;;;PEARLS;SEASHELLS;9998.0;1
46300;;;PEARLS;SEASHELLS;9995.0;1
46300;;;BANANAS;SEASHELLS;4987.0;1
46800;;;PEARLS;SEASHELLS;9996.0;1
46800;;;BANANAS;SEASHELLS;4988.0;2
46800;;;BANANAS;SEASHELLS;4988.0;1
47200;;;BANANAS;SEASHELLS;4993.0;1
47300;;;BANANAS;SEASHELLS;4988.0;2
47400;;;BANANAS;SEASHELLS;4987.0;1
47700;;;BANANAS;SEASHELLS;4988.0;1
48200;;;BANANAS;SEASHELLS;4990.0;5
48300;;;PEARLS;SEASHELLS;9995.0;1
48300;;;BANANAS;SEASHELLS;4991.0;1
48600;;;PEARLS;SEASHELLS;10004.0;1
48600;;;BANANAS;SEASHELLS;4992.0;1
48600;;;BANANAS;SEASHELLS;4989.0;1
48900;;;BANANAS;SEASHELLS;4990.0;1
49300;;;BANANAS;SEASHELLS;4996.0;1
49300;;;PEARLS;SEASHELLS;10005.0;1
49400;;;BANANAS;SEASHELLS;4990.0;1
49700;;;PEARLS;SEASHELLS;9995.0;2
49700;;;BANANAS;SEASHELLS;4990.0;2
49900;;;BANANAS;SEASHELLS;4989.0;1
50200;;;PEARLS;SEASHELLS;9996.0;1
50200;;;BANANAS;SEASHELLS;4990.0;1
50300;;;BANANAS;SEASHELLS;4989.0;1
50400;;;BANANAS;SEASHELLS;4989.0;2
50400;;;PEARLS;SEASHELLS;9996.0;2
50900;;;PEARLS;SEASHELLS;9996.0;2
51000;;;BANANAS;SEASHELLS;4989.0;1
51000;;;PEARLS;SEASHELLS;9998.0;1
51300;;;BANANAS;SEASHELLS;4994.0;1
51500;;;BANANAS;SEASHELLS;4988.0;13
51600;;;BANANAS;SEASHELLS;4993.0;1
51600;;;PEARLS;SEASHELLS;10002.0;1
51900;;;PEARLS;SEASHELLS;10002.0;2
52000;;;PEARLS;SEASHELLS;9998.0;2
52200;;;BANANAS;SEASHELLS;4989.0;1
52300;;;BANANAS;SEASHELLS;4988.0;1
52700;;;PEARLS;SEASHELLS;10002.0;3
53000;;;PEARLS;SEASHELLS;9998.0;1
53200;;;PEARLS;SEASHELLS;10002.0;1
53300;;;PEARLS;SEASHELLS;9998.0;2
53400;;;BANANAS;SEASHELLS;4994.0;10
53500;;;BANANAS;SEASHELLS;4993.0;1
53600;;;BANANAS;SEASHELLS;4988.0;2
53600;;;BANANAS;SEASHELLS;4987.0;1
53600;;;BANANAS;SEASHELLS;4988.0;15
53600;;;PEARLS;SEASHELLS;9998.0;1
53700;;;PEARLS;SEASHELLS;10004.0;2
53700;;;BANANAS;SEASHELLS;4989.0;2
53900;;;PEARLS;SEASHELLS;10002.0;1
54300;;;PEARLS;SEASHELLS;9998.0;1
54600;;;PEARLS;SEASHELLS;9996.0;1
54600;;;PEARLS;SEASHELLS;9996.0;5
54600;;;BANANAS;SEASHELLS;4990.0;1
54600;;;BANANAS;SEASHELLS;4991.0;3
54700;;;BANANAS;SEASHELLS;4995.0;1
54900;;;PEARLS;SEASHELLS;10002.0;3
55200;;;BANANAS;SEASHELLS;4995.0;1
56100;;;BANANAS;SEASHELLS;4996.0;1
56100;;;PEARLS;SEASHELLS;10004.0;1
56500;;;PEARLS;SEASHELLS;9998.0;1
56500;;;BANANAS;SEASHELLS;4991.0;1
56500;;;BANANAS;SEASHELLS;4995.0;11
56700;;;PEARLS;SEASHELLS;10002.0;1
56700;;;BANANAS;SEASHELLS;4991.0;4
56700;;;BANANAS;SEASHELLS;4991.0;2
57000;;;PEARLS;SEASHELLS;10004.0;1
57000;;;BANANAS;SEASHELLS;4997.0;1
57100;;;PEARLS;SEASHELLS;10002.0;1
57200;;;PEARLS;SEASHELLS;10002.0;1
57300;;;PEARLS;SEASHELLS;10002.0;1
57400;;;BANANAS;SEASHELLS;4997.0;1
57700;;;BANANAS;SEASHELLS;4991.0;1
57700;;;PEARLS;SEASHELLS;10002.0;2
57800;;;BANANAS;SEASHELLS;4990.0;1
58000;;;BANANAS;SEASHELLS;4991.0;1
58400;;;PEARLS;SEASHELLS;9996.0;1
58600;;;BANANAS;SEASHELLS;4995.0;10
58600;;;PEARLS;SEASHELLS;9998.0;1
58800;;;BANANAS;SEASHELLS;4989.0;1
59500;;;PEARLS;SEASHELLS;10005.0;4
59700;;;PEARLS;SEASHELLS;10002.0;6
60000;;;BANANAS;SEASHELLS;4991.0;1
60200;;;BANANAS;SEASHELLS;4988.0;1
60200;;;PEARLS;SEASHELLS;9996.0;1
60200;;;PEARLS;SEASHELLS;9996.0;1
60200;;;BANANAS;SEASHELLS;4988.0;1
60300;;;PEARLS;SEASHELLS;9996.0;2
60300;;;PEARLS;SEASHELLS;9996.0;6
60300;;;BANANAS;SEASHELLS;4991.0;13
60400;;;PEARLS;SEASHELLS;9998.0;1
60500;;;PEARLS;SEASHELLS;9998.0;1
60600;;;BANANAS;SEASHELLS;4988.0;1
60800;;;BANANAS;SEASHELLS;4987.0;2
61100;;;PEARLS;SEASHELLS;10005.0;2
61100;;;PEARLS;SEASHELLS;10002.0;1
61100;;;BANANAS;SEASHELLS;4994.0;2
61300;;;BANANAS;SEASHELLS;4992.0;1
62300;;;PEARLS;SEASHELLS;10004.0;1
62300;;;BANANAS;SEASHELLS;4995.0;1
62400;;;BANANAS;SEASHELLS;4989.0;5
62500;;;BANANAS;SEASHELLS;4992.0;3
62500;;;BANANAS;SEASHELLS;4992.0;2
62600;;;BANANAS;SEASHELLS;4988.0;1
62900;;;BANANAS;SEASHELLS;4990.0;15
62900;;;BANANAS;SEASHELLS;4990.0;1
63200;;;PEARLS;SEASHELLS;9998.0;1
63200;;;BANANAS;SEASHELLS;4991.0;1
63300;;;BANANAS;SEASHELLS;4996.0;2
63300;;;PEARLS;SEASHELLS;9998.0;1
63500;;;PEARLS;SEASHELLS;9998.0;6
63700;;;PEARLS;SEASHELLS;9996.0;1
64200;;;BANANAS;SEASHELLS;4989.0;2
64200;;;PEARLS;SEASHELLS;9995.0;2
64500;;;PEARLS;SEASHELLS;10005.0;2
64500;;;BANANAS;SEASHELLS;4994.0;1
64500;;;PEARLS;SEASHELLS;10002.0;1
64500;;;BANANAS;SEASHELLS;4994.0;1
64900;;;PEARLS;SEASHELLS;10005.0;2
65300;;;PEARLS;SEASHELLS;10000.0;2
65300;;;PEARLS;SEASHELLS;9998.0;1
65400;;;BANANAS;SEASHELLS;4987.0;1
65500;;;PEARLS;SEASHELLS;9998.0;1
65600;;;BANANAS;SEASHELLS;4986.0;1
65600;;;PEARLS;SEASHELLS;9995.0;1
65800;;;PEARLS;SEASHELLS;9996.0;1
65800;;;BANANAS;SEASHELLS;4986.0;1
65900;;;PEARLS;SEASHELLS;9998.0;1
66000;;;PEARLS;SEASHELLS;9998.0;1
66700;;;PEARLS;SEASHELLS;9998.0;2
67000;;;BANANAS;SEASHELLS;4985.0;1
67200;;;BANANAS;SEASHELLS;4989.0;1
67400;;;BANANAS;SEASHELLS;4983.0;2
67400;;;PEARLS;SEASHELLS;9996.0;1
67500;;;BANANAS;SEASHELLS;4984.0;2
67500;;;BANANAS;SEASHELLS;4984.0;6
67900;;;PEARLS;SEASHELLS;9998.0;2
67900;;;BANANAS;SEASHELLS;4984.0;2
67900;;;BANANAS;SEASHELLS;4986.0;1
68000;;;PEARLS;SEASHELLS;10002.0;5
68000;;;BANANAS;SEASHELLS;4984.0;1
68000;;;PEARLS;SEASHELLS;10005.0;3
68100;;;PEARLS;SEASHELLS;10002.0;1
68200;;;BANANAS;SEASHELLS;4989.0;1
68300;;;BANANAS;SEASHELLS;4983.0;1
68500;;;BANANAS;SEASHELLS;4990.0;2
68500;;;PEARLS;SEASHELLS;10002.0;1
68500;;;BANANAS;SEASHELLS;4990.0;10
68800;;;BANANAS;SEASHELLS;4985.0;9
68900;;;BANANAS;SEASHELLS;4989.0;1
68900;;;PEARLS;SEASHELLS;10002.0;1
69300;;;PEARLS;SEASHELLS;10005.0;2
69300;;;BANANAS;SEASHELLS;4990.0;2
69400;;;BANANAS;SEASHELLS;4989.0;1
69600;;;BANANAS;SEASHELLS;4985.0;2
70400;;;BANANAS;SEASHELLS;4980.0;1
70500;;;BANANAS;SEASHELLS;4979.0;3
70700;;;BANANAS;SEASHELLS;4980.0;10
71400;;;BANANAS;SEASHELLS;4980.0;1
71600;;;PEARLS;SEASHELLS;9995.0;10
73400;;;BANANAS;SEASHELLS;4982.0;1
73700;;;BANANAS;SEASHELLS;4987.0;9
73900;;;BANANAS;SEASHELLS;4980.0;1
74100;;;PEARLS;SEASHELLS;10002.0;1
74200;;;BANANAS;SEASHELLS;4984.0;1
74300;;;BANANAS;SEASHELLS;4983.0;1
74400;;;PEARLS;SEASHELLS;10004.0;1
74400;;;BANANAS;SEASHELLS;4985.0;2
74900;;;PEARLS;SEASHELLS;10002.0;1
75200;;;BANANAS;SEASHELLS;4978.0;1
75200;;;PEARLS;SEASHELLS;9996.0;1
75300;;;BANANAS;SEASHELLS;4983.0;3
75500;;;BANANAS;SEASHELLS;4979.0;1
76200;;;BANANAS;SEASHELLS;4979.0;6
76200;;;BANANAS;SEASHELLS;4979.0;5
76400;;;BANANAS;SEASHELLS;4978.0;1
76400;;;PEARLS;SEASHELLS;10002.0;1
76400;;;BANANAS;SEASHELLS;4978.0;1
76400;;;BANANAS;SEASHELLS;4978.0;7
77700;;;PEARLS;SEASHELLS;9998.0;5
77800;;;BANANAS;SEASHELLS;4981.0;1
78000;;;PEARLS;SEASHELLS;10002.0;2
78100;;;BANANAS;SEASHELLS;4979.0;1
78300;;;PEARLS;SEASHELLS;9995.0;2
78300;;;BANANAS;SEASHELLS;4974.0;2
78400;;;BANANAS;SEASHELLS;4976.0;1
78400;;;BANANAS;SEASHELLS;4976.0;7
78800;;;BANANAS;SEASHELLS;4974.0;1
78800;;;BANANAS;SEASHELLS;4981.0;10
79000;;;PEARLS;SEASHELLS;10005.0;2
79000;;;PEARLS;SEASHELLS;10004.0;1
79000;;;BANANAS;SEASHELLS;4981.0;2
79500;;;BANANAS;SEASHELLS;4975.0;20
79500;;;PEARLS;SEASHELLS;10002.0;1
80100;;;BANANAS;SEASHELLS;4979.0;1
80300;;;PEARLS;SEASHELLS;10002.0;1
80500;;;BANANAS;SEASHELLS;4973.0;1
80800;;;PEARLS;SEASHELLS;10002.0;1
80900;;;BANANAS;SEASHELLS;4973.0;1
81300;;;BANANAS;SEASHELLS;4978.0;1
81300;;;PEARLS;SEASHELLS;9998.0;1
81700;;;PEARLS;SEASHELLS;10002.0;1
81800;;;PEARLS;SEASHELLS;9998.0;1
81800;;;BANANAS;SEASHELLS;4973.0;1
82000;;;BANANAS;SEASHELLS;4976.0;5
82100;;;BANANAS;SEASHELLS;4972.0;1
82300;;;PEARLS;SEASHELLS;10004.0;1
82600;;;BANANAS;SEASHELLS;4972.0;1
83200;;;PEARLS;SEASHELLS;9996.0;1
83200;;;BANANAS;SEASHELLS;4972.0;2
83200;;;PEARLS;SEASHELLS;9996.0;1
83300;;;BANANAS;SEASHELLS;4972.0;11
83600;;;BANANAS;SEASHELLS;4972.0;8
83700;;;PEARLS;SEASHELLS;10004.0;1
84200;;;BANANAS;SEASHELLS;4972.0;8
84200;;;BANANAS;SEASHELLS;4977.0;1
84200;;;BANANAS;SEASHELLS;4972.0;2
84500;;;BANANAS;SEASHELLS;4972.0;2
84600;;;BANANAS;SEASHELLS;4979.0;2
84600;;;PEARLS;SEASHELLS;10004.0;2
84700;;;BANANAS;SEASHELLS;4978.0;1
85000;;;PEARLS;SEASHELLS;9998.0;5
85200;;;BANANAS;SEASHELLS;4973.0;3
85700;;;PEARLS;SEASHELLS;9995.0;2
85700;;;PEARLS;SEASHELLS;10005.0;4
85700;;;BANANAS;SEASHELLS;4972.0;8
85700;;;BANANAS;SEASHELLS;4972.0;2
85800;;;BANANAS;SEASHELLS;4974.0;13
85800;;;BANANAS;SEASHELLS;4974.0;7
85900;;;BANANAS;SEASHELLS;4974.0;1
85900;;;PEARLS;SEASHELLS;9998.0;2
86000;;;BANANAS;SEASHELLS;4978.0;1
86000;;;BANANAS;SEASHELLS;4974.0;1
86000;;;PEARLS;SEASHELLS;10002.0;1
86200;;;BANANAS;SEASHELLS;4976.0;2
86300;;;BANANAS;SEASHELLS;4975.0;1
86300;;;PEARLS;SEASHELLS;9998.0;1
86500;;;PEARLS;SEASHELLS;10002.0;1
86700;;;BANANAS;SEASHELLS;4975.0;14
87200;;;BANANAS;SEASHELLS;4977.0;1
87400;;;BANANAS;SEASHELLS;4975.0;13
87500;;;BANANAS;SEASHELLS;4976.0;9
87900;;;PEARLS;SEASHELLS;10002.0;4
87900;;;BANANAS;SEASHELLS;4982.0;12
88200;;;BANANAS;SEASHELLS;4977.0;3
88300;;;PEARLS;SEASHELLS;10004.0;2
88500;;;PEARLS;SEASHELLS;10002.0;5
88600;;;PEARLS;SEASHELLS;9998.0;1
88900;;;BANANAS;SEASHELLS;4982.0;1
89100;;;BANANAS;SEASHELLS;4983.0;1
90000;;;BANANAS;SEASHELLS;4977.0;1
90100;;;PEARLS;SEASHELLS;10004.0;1
90100;;;BANANAS;SEASHELLS;4983.0;1
90700;;;PEARLS;SEASHELLS;10002.0;6
91000;;;BANANAS;SEASHELLS;4977.0;1
91000;;;PEARLS;SEASHELLS;9998.0;1
91400;;;PEARLS;SEASHELLS;10002.0;1
91500;;;BANANAS;SEASHELLS;4976.0;1
91900;;;PEARLS;SEASHELLS;10002.0;1
91900;;;BANANAS;SEASHELLS;4975.0;1
92300;;;BANANAS;SEASHELLS;4976.0;1
92300;;;PEARLS;SEASHELLS;9996.0;1
92300;;;BANANAS;SEASHELLS;4977.0;1
92500;;;BANANAS;SEASHELLS;4975.0;1
92500;;;BANANAS;SEASHELLS;4976.0;11
92600;;;BANANAS;SEASHELLS;4976.0;1
93000;;;PEARLS;SEASHELLS;10002.0;1
93100;;;PEARLS;SEASHELLS;9998.0;1
93300;;;BANANAS;SEASHELLS;4977.0;1
93300;;;PEARLS;SEASHELLS;9998.0;1
93400;;;BANANAS;SEASHELLS;4980.0;5
93500;;;PEARLS;SEASHELLS;9998.0;1
93700;;;PEARLS;SEASHELLS;10002.0;1
93900;;;PEARLS;SEASHELLS;9998.0;1
94100;;;BANANAS;SEASHELLS;4976.0;1
94300;;;BANANAS;SEASHELLS;4974.0;1
94400;;;BANANAS;SEASHELLS;4974.0;1
94700;;;PEARLS;SEASHELLS;9996.0;2
94700;;;PEARLS;SEASHELLS;9996.0;9
94800;;;PEARLS;SEASHELLS;10002.0;4
95100;;;BANANAS;SEASHELLS;4975.0;2
95100;;;PEARLS;SEASHELLS;9996.0;2
95300;;;BANANAS;SEASHELLS;4975.0;1
95300;;;PEARLS;SEASHELLS;10002.0;1
95300;;;BANANAS;SEASHELLS;4974.0;2
95600;;;BANANAS;SEASHELLS;4979.0;2
95600;;;BANANAS;SEASHELLS;4980.0;1
95800;;;BANANAS;SEASHELLS;4976.0;1
95900;;;PEARLS;SEASHELLS;10002.0;3
95900;;;BANANAS;SEASHELLS;4980.0;1
95900;;;PEARLS;SEASHELLS;10002.0;5
96100;;;BANANAS;SEASHELLS;4975.0;1
96100;;;PEARLS;SEASHELLS;9995.0;1
96200;;;BANANAS;SEASHELLS;4975.0;1
96200;;;BANANAS;SEASHELLS;4980.0;6
96400;;;PEARLS;SEASHELLS;10002.0;3
96800;;;BANANAS;SEASHELLS;4980.0;1
96900;;;PEARLS;SEASHELLS;10005.0;3
97200;;;PEARLS;SEASHELLS;10005.0;12
97300;;;PEARLS;SEASHELLS;10004.0;1
97300;;;BANANAS;SEASHELLS;4975.0;1
97400;;;PEARLS;SEASHELLS;9998.0;1
97600;;;PEARLS;SEASHELLS;9998.0;1
97900;;;PEARLS;SEASHELLS;10002.0;4
98100;;;BANANAS;SEASHELLS;4980.0;1
98100;;;BANANAS;SEASHELLS;4977.0;3
98100;;;PEARLS;SEASHELLS;10002.0;1
98200;;;BANANAS;SEASHELLS;4974.0;1
98300;;;BANANAS;SEASHELLS;4974.0;7
98300;;;PEARLS;SEASHELLS;9998.0;1
98400;;;BANANAS;SEASHELLS;4975.0;1
98400;;;BANANAS;SEASHELLS;4977.0;1
98800;;;BANANAS;SEASHELLS;4981.0;2
98800;;;PEARLS;SEASHELLS;9996.0;1
98800;;;BANANAS;SEASHELLS;4981.0;1
99000;;;PEARLS;SEASHELLS;9998.0;1
99000;;;BANANAS;SEASHELLS;4976.0;11
99500;;;BANANAS;SEASHELLS;4982.0;19
100100;;;PEARLS;SEASHELLS;9998.0;1
100500;;;PEARLS;SEASHELLS;9998.0;1
101800;;;BANANAS;SEASHELLS;4976.0;2
102200;;;BANANAS;SEASHELLS;4978.0;2
102200;;;PEARLS;SEASHELLS;10004.0;2
102300;;;PEARLS;SEASHELLS;10002.0;3
102300;;;PEARLS;SEASHELLS;10002.0;1
102400;;;BANANAS;SEASHELLS;4972.0;1
102500;;;PEARLS;SEASHELLS;10002.0;1
102500;;;BANANAS;SEASHELLS;4977.0;1
102900;;;BANANAS;SEASHELLS;4977.0;3
102900;;;PEARLS;SEASHELLS;9998.0;1
102900;;;BANANAS;SEASHELLS;4979.0;14
103100;;;BANANAS;SEASHELLS;4972.0;2
103100;;;PEARLS;SEASHELLS;9995.0;2
104000;;;PEARLS;SEASHELLS;9998.0;1
104200;;;PEARLS;SEASHELLS;9998.0;2
104200;;;PEARLS;SEASHELLS;9998.0;1
104300;;;PEARLS;SEASHELLS;9998.0;2
104400;;;BANANAS;SEASHELLS;4970.0;2
104400;;;PEARLS;SEASHELLS;9995.0;2
104400;;;PEARLS;SEASHELLS;9998.0;1
104700;;;PEARLS;SEASHELLS;10002.0;1
104700;;;BANANAS;SEASHELLS;4971.0;1
104800;;;BANANAS;SEASHELLS;4971.0;1
104900;;;BANANAS;SEASHELLS;4976.0;1
105100;;;PEARLS;SEASHELLS;10002.0;1
105200;;;BANANAS;SEASHELLS;4970.0;1
105900;;;PEARLS;SEASHELLS;10002.0;5
106500;;;BANANAS;SEASHELLS;4976.0;11
106700;;;BANANAS;SEASHELLS;4971.0;4
106800;;;BANANAS;SEASHELLS;4971.0;2
106800;;;BANANAS;SEASHELLS;4971.0;9
106800;;;PEARLS;SEASHELLS;10005.0;2
107000;;;BANANAS;SEASHELLS;4971.0;1
107200;;;PEARLS;SEASHELLS;9995.0;4
107500;;;BANANAS;SEASHELLS;4975.0;7
107500;;;PEARLS;SEASHELLS;10002.0;2
107500;;;BANANAS;SEASHELLS;4977.0;2
107700;;;PEARLS;SEASHELLS;10004.0;2
107700;;;BANANAS;SEASHELLS;4976.0;2
107800;;;BANANAS;SEASHELLS;4975.0;1
108000;;;PEARLS;SEASHELLS;9998.0;6
108000;;;BANANAS;SEASHELLS;4977.0;12
108000;;;PEARLS;SEASHELLS;9998.0;5
108300;;;PEARLS;SEASHELLS;9998.0;1
108400;;;BANANAS;SEASHELLS;4975.0;1
108500;;;BANANAS;SEASHELLS;4977.0;11
108600;;;PEARLS;SEASHELLS;10002.0;1
108700;;;PEARLS;SEASHELLS;9995.0;10
108800;;;BANANAS;SEASHELLS;4970.0;1
108900;;;BANANAS;SEASHELLS;4977.0;1
108900;;;PEARLS;SEASHELLS;10004.0;1
109100;;;PEARLS;SEASHELLS;10002.0;2
109400;;;BANANAS;SEASHELLS;4975.0;1
109900;;;PEARLS;SEASHELLS;10005.0;1
109900;;;BANANAS;SEASHELLS;4976.0;1
110000;;;BANANAS;SEASHELLS;4974.0;4
110400;;;BANANAS;SEASHELLS;4969.0;9
111300;;;PEARLS;SEASHELLS;9995.0;1
111300;;;BANANAS;SEASHELLS;4970.0;1
111600;;;PEARLS;SEASHELLS;9996.0;2
112000;;;PEARLS;SEASHELLS;10002.0;1
112200;;;PEARLS;SEASHELLS;10002.0;1
112300;;;BANANAS;SEASHELLS;4972.0;1
112400;;;BANANAS;SEASHELLS;4977.0;1
112500;;;BANANAS;SEASHELLS;4976.0;1
112500;;;PEARLS;SEASHELLS;10002.0;1
113100;;;BANANAS;SEASHELLS;4977.0;1
113200;;;BANANAS;SEASHELLS;4976.0;1
113300;;;BANANAS;SEASHELLS;4976.0;1
113400;;;PEARLS;SEASHELLS;10004.0;1
113400;;;BANANAS;SEASHELLS;4978.0;1
113700;;;BANANAS;SEASHELLS;4978.0;1
113800;;;PEARLS;SEASHELLS;9996.0;1
113800;;;BANANAS;SEASHELLS;4973.0;1
113900;;;BANANAS;SEASHELLS;4972.0;1
114300;;;BANANAS;SEASHELLS;4972.0;1
114700;;;PEARLS;SEASHELLS;10005.0;12
114700;;;PEARLS;SEASHELLS;9995.0;4
115000;;;BANANAS;SEASHELLS;4973.0;1
115200;;;BANANAS;SEASHELLS;4973.0;1
115300;;;BANANAS;SEASHELLS;4978.0;1
115400;;;BANANAS;SEASHELLS;4974.0;6
115600;;;PEARLS;SEASHELLS;9998.0;1
115800;;;BANANAS;SEASHELLS;4977.0;1
115800;;;PEARLS;SEASHELLS;9998.0;1
116700;;;BANANAS;SEASHELLS;4976.0;1
117700;;;BANANAS;SEASHELLS;4977.0;1
118000;;;BANANAS;SEASHELLS;4972.0;1
118000;;;PEARLS;SEASHELLS;9995.0;1
118200;;;BANANAS;SEASHELLS;4973.0;7
118600;;;BANANAS;SEASHELLS;4971.0;1
119300;;;PEARLS;SEASHELLS;10002.0;1
119300;;;BANANAS;SEASHELLS;4976.0;1
119400;;;BANANAS;SEASHELLS;4971.0;8
119500;;;BANANAS;SEASHELLS;4972.0;1
119700;;;BANANAS;SEASHELLS;4972.0;1
120200;;;PEARLS;SEASHELLS;10002.0;1
120500;;;PEARLS;SEASHELLS;9998.0;3
120700;;;BANANAS;SEASHELLS;4970.0;1
120800;;;PEARLS;SEASHELLS;10000.0;2
120800;;;BANANAS;SEASHELLS;4975.0;1
120900;;;PEARLS;SEASHELLS;9998.0;1
121800;;;PEARLS;SEASHELLS;9998.0;2
122300;;;PEARLS;SEASHELLS;10004.0;3
122300;;;PEARLS;SEASHELLS;10004.0;2
122700;;;BANANAS;SEASHELLS;4970.0;1
123000;;;PEARLS;SEASHELLS;9998.0;1
123000;;;BANANAS;SEASHELLS;4972.0;1
123100;;;BANANAS;SEASHELLS;4975.0;5
123100;;;BANANAS;SEASHELLS;4972.0;1
123200;;;BANANAS;SEASHELLS;4977.0;1
124000;;;BANANAS;SEASHELLS;4977.0;7
124000;;;BANANAS;SEASHELLS;4977.0;1
124000;;;BANANAS;SEASHELLS;4976.0;1
124200;;;BANANAS;SEASHELLS;4977.0;7
124400;;;PEARLS;SEASHELLS;10002.0;1
124500;;;PEARLS;SEASHELLS;9995.0;5
124700;;;PEARLS;SEASHELLS;9998.0;1
124900;;;PEARLS;SEASHELLS;10002.0;2
124900;;;BANANAS;SEASHELLS;4975.0;2
125100;;;PEARLS;SEASHELLS;9998.0;1
125100;;;BANANAS;SEASHELLS;4970.0;1
125200;;;BANANAS;SEASHELLS;4971.0;1
125200;;;PEARLS;SEASHELLS;10004.0;1
125300;;;BANANAS;SEASHELLS;4976.0;2
125300;;;PEARLS;SEASHELLS;10005.0;2
125400;;;BANANAS;SEASHELLS;4970.0;2
125400;;;PEARLS;SEASHELLS;9996.0;2
126400;;;PEARLS;SEASHELLS;9996.0;1
126400;;;PEARLS;SEASHELLS;9996.0;3
126500;;;PEARLS;SEASHELLS;9998.0;4
126700;;;BANANAS;SEASHELLS;4977.0;7
127000;;;PEARLS;SEASHELLS;9995.0;12
127200;;;PEARLS;SEASHELLS;10002.0;2
127300;;;BANANAS;SEASHELLS;4973.0;1
127400;;;PEARLS;SEASHELLS;10002.0;1
127600;;;BANANAS;SEASHELLS;4973.0;1
127800;;;PEARLS;SEASHELLS;10004.0;2
127900;;;PEARLS;SEASHELLS;10002.0;1
128000;;;BANANAS;SEASHELLS;4980.0;5
128000;;;BANANAS;SEASHELLS;4980.0;2
129200;;;PEARLS;SEASHELLS;9995.0;2
129200;;;BANANAS;SEASHELLS;4972.0;2
129500;;;BANANAS;SEASHELLS;4980.0;1
129700;;;BANANAS;SEASHELLS;4973.0;13
129700;;;BANANAS;SEASHELLS;4973.0;1
129700;;;PEARLS;SEASHELLS;9995.0;1
129800;;;BANANAS;SEASHELLS;4974.0;1
130100;;;PEARLS;SEASHELLS;10002.0;4
130100;;;PEARLS;SEASHELLS;10002.0;1
130200;;;BANANAS;SEASHELLS;4979.0;1
130300;;;PEARLS;SEASHELLS;9998.0;3
130300;;;BANANAS;SEASHELLS;4975.0;1
130400;;;BANANAS;SEASHELLS;4975.0;1
130500;;;BANANAS;SEASHELLS;4980.0;3
130500;;;PEARLS;SEASHELLS;9998.0;3
131100;;;BANANAS;SEASHELLS;4976.0;1
131200;;;PEARLS;SEASHELLS;9998.0;1
131400;;;PEARLS;SEASHELLS;9998.0;3
131600;;;PEARLS;SEASHELLS;9998.0;1
132000;;;BANANAS;SEASHELLS;4984.0;1
132000;;;PEARLS;SEASHELLS;10004.0;1
132100;;;PEARLS;SEASHELLS;9998.0;5
132300;;;PEARLS;SEASHELLS;10000.0;1
132300;;;BANANAS;SEASHELLS;4977.0;1
132700;;;PEARLS;SEASHELLS;10004.0;9
132700;;;PEARLS;SEASHELLS;10004.0;1
133400;;;PEARLS;SEASHELLS;10004.0;1
133400;;;BANANAS;SEASHELLS;4983.0;1
133700;;;PEARLS;SEASHELLS;10004.0;1
133700;;;BANANAS;SEASHELLS;4981.0;1
134200;;;BANANAS;SEASHELLS;4981.0;10
134700;;;PEARLS;SEASHELLS;10004.0;1
134700;;;BANANAS;SEASHELLS;4977.0;1
134700;;;BANANAS;SEASHELLS;4977.0;4
134800;;;PEARLS;SEASHELLS;10004.0;2
134900;;;PEARLS;SEASHELLS;10002.0;1
135300;;;BANANAS;SEASHELLS;4976.0;1
135400;;;BANANAS;SEASHELLS;4976.0;11
135600;;;BANANAS;SEASHELLS;4977.0;1
136500;;;BANANAS;SEASHELLS;4985.0;2
136500;;;PEARLS;SEASHELLS;10005.0;2
136500;;;BANANAS;SEASHELLS;4978.0;1
136800;;;PEARLS;SEASHELLS;9998.0;2
136900;;;BANANAS;SEASHELLS;4978.0;1
137500;;;BANANAS;SEASHELLS;4984.0;1
137700;;;PEARLS;SEASHELLS;10004.0;1
138100;;;BANANAS;SEASHELLS;4982.0;2
139100;;;PEARLS;SEASHELLS;9998.0;5
139400;;;PEARLS;SEASHELLS;9996.0;1
139400;;;PEARLS;SEASHELLS;9996.0;2
139900;;;BANANAS;SEASHELLS;4975.0;7
140000;;;BANANAS;SEASHELLS;4976.0;1
140100;;;BANANAS;SEASHELLS;4977.0;5
140700;;;BANANAS;SEASHELLS;4981.0;1
140700;;;PEARLS;SEASHELLS;9998.0;2
140800;;;BANANAS;SEASHELLS;4976.0;1
141100;;;PEARLS;SEASHELLS;9998.0;1
141100;;;BANANAS;SEASHELLS;4980.0;12
141400;;;BANANAS;SEASHELLS;4981.0;1
141600;;;BANANAS;SEASHELLS;4981.0;1
141900;;;BANANAS;SEASHELLS;4977.0;2
142000;;;PEARLS;SEASHELLS;9996.0;1
142400;;;BANANAS;SEASHELLS;4982.0;1
142400;;;PEARLS;SEASHELLS;10004.0;1
142800;;;BANANAS;SEASHELLS;4982.0;1
142900;;;BANANAS;SEASHELLS;4983.0;12
143100;;;BANANAS;SEASHELLS;4976.0;2
143100;;;PEARLS;SEASHELLS;9995.0;2
143200;;;BANANAS;SEASHELLS;4976.0;1
143200;;;PEARLS;SEASHELLS;9995.0;1
143200;;;PEARLS;SEASHELLS;9998.0;1
143300;;;BANANAS;SEASHELLS;4976.0;1
143800;;;PEARLS;SEASHELLS;9998.0;1
143800;;;BANANAS;SEASHELLS;4975.0;1
144100;;;PEARLS;SEASHELLS;10002.0;1
144200;;;BANANAS;SEASHELLS;4979.0;1
144200;;;PEARLS;SEASHELLS;10004.0;1
144600;;;PEARLS;SEASHELLS;9998.0;3
144800;;;BANANAS;SEASHELLS;4978.0;1
144900;;;PEARLS;SEASHELLS;10002.0;1
145800;;;PEARLS;SEASHELLS;9998.0;3
145800;;;BANANAS;SEASHELLS;4978.0;1
145900;;;BANANAS;SEASHELLS;4978.0;1
145900;;;PEARLS;SEASHELLS;10004.0;1
146300;;;PEARLS;SEASHELLS;10005.0;2
146300;;;BANANAS;SEASHELLS;4980.0;2
146700;;;PEARLS;SEASHELLS;10005.0;5
146900;;;BANANAS;SEASHELLS;4973.0;1
146900;;;PEARLS;SEASHELLS;10004.0;2
146900;;;PEARLS;SEASHELLS;10004.0;8
147300;;;BANANAS;SEASHELLS;4973.0;10
147400;;;PEARLS;SEASHELLS;9995.0;1
147400;;;BANANAS;SEASHELLS;4973.0;1
147800;;;BANANAS;SEASHELLS;4977.0;1
147800;;;PEARLS;SEASHELLS;9998.0;1
148000;;;PEARLS;SEASHELLS;10000.0;1
148000;;;PEARLS;SEASHELLS;9998.0;1
148000;;;BANANAS;SEASHELLS;4974.0;1
148200;;;PEARLS;SEASHELLS;9995.0;2
148200;;;BANANAS;SEASHELLS;4976.0;1
148500;;;BANANAS;SEASHELLS;4976.0;1
148700;;;BANANAS;SEASHELLS;4971.0;1
150000;;;BANANAS;SEASHELLS;4969.0;1
150100;;;BANANAS;SEASHELLS;4975.0;1
150100;;;PEARLS;SEASHELLS;10004.0;1
150300;;;PEARLS;SEASHELLS;9996.0;1
150300;;;BANANAS;SEASHELLS;4970.0;1
151200;;;BANANAS;SEASHELLS;4979.0;6
151400;;;BANANAS;SEASHELLS;4973.0;1
151400;;;PEARLS;SEASHELLS;10002.0;1
151500;;;BANANAS;SEASHELLS;4974.0;1
151900;;;BANANAS;SEASHELLS;4974.0;1
152000;;;BANANAS;SEASHELLS;4980.0;1
152000;;;PEARLS;SEASHELLS;10002.0;6
152100;;;BANANAS;SEASHELLS;4981.0;2
152100;;;PEARLS;SEASHELLS;10004.0;2
152300;;;BANANAS;SEASHELLS;4975.0;1
152500;;;BANANAS;SEASHELLS;4977.0;3
153000;;;BANANAS;SEASHELLS;4973.0;9
153200;;;PEARLS;SEASHELLS;9995.0;5
153500;;;BANANAS;SEASHELLS;4978.0;1
153500;;;PEARLS;SEASHELLS;10002.0;1
153600;;;BANANAS;SEASHELLS;4973.0;1
153700;;;PEARLS;SEASHELLS;9998.0;1
153900;;;BANANAS;SEASHELLS;4974.0;1
153900;;;BANANAS;SEASHELLS;4974.0;2
154100;;;PEARLS;SEASHELLS;9998.0;2
154400;;;PEARLS;SEASHELLS;10002.0;2
154600;;;PEARLS;SEASHELLS;10002.0;1
154700;;;BANANAS;SEASHELLS;4974.0;1
154800;;;BANANAS;SEASHELLS;4974.0;1
155200;;;PEARLS;SEASHELLS;10002.0;1
155600;;;BANANAS;SEASHELLS;4981.0;1
155600;;;PEARLS;SEASHELLS;9998.0;1
155700;;;PEARLS;SEASHELLS;10002.0;1
156300;;;BANANAS;SEASHELLS;4982.0;5
156500;;;PEARLS;SEASHELLS;10002.0;1
156600;;;BANANAS;SEASHELLS;4983.0;16
156700;;;BANANAS;SEASHELLS;4983.0;2
156700;;;PEARLS;SEASHELLS;10004.0;2
157400;;;BANANAS;SEASHELLS;4975.0;1
157400;;;PEARLS;SEASHELLS;10002.0;1
157700;;;BANANAS;SEASHELLS;4982.0;1
157700;;;PEARLS;SEASHELLS;10004.0;1
157900;;;BANANAS;SEASHELLS;4981.0;2
157900;;;PEARLS;SEASHELLS;10005.0;2
158000;;;PEARLS;SEASHELLS;10002.0;1
158000;;;BANANAS;SEASHELLS;4974.0;1
158200;;;PEARLS;SEASHELLS;9998.0;8
158300;;;PEARLS;SEASHELLS;10002.0;1
158300;;;BANANAS;SEASHELLS;4974.0;1
158500;;;BANANAS;SEASHELLS;4975.0;1
158900;;;BANANAS;SEASHELLS;4980.0;12
159200;;;PEARLS;SEASHELLS;9998.0;2
159200;;;BANANAS;SEASHELLS;4975.0;4
159200;;;BANANAS;SEASHELLS;4974.0;2
159400;;;PEARLS;SEASHELLS;10002.0;1
159500;;;BANANAS;SEASHELLS;4973.0;1
159900;;;BANANAS;SEASHELLS;4977.0;2
159900;;;PEARLS;SEASHELLS;9996.0;2
160200;;;BANANAS;SEASHELLS;4975.0;1
160300;;;BANANAS;SEASHELLS;4980.0;1
160400;;;BANANAS;SEASHELLS;4974.0;1
160700;;;BANANAS;SEASHELLS;4973.0;1
160800;;;BANANAS;SEASHELLS;4973.0;3
160900;;;BANANAS;SEASHELLS;4974.0;13
161800;;;BANANAS;SEASHELLS;4972.0;1
162000;;;PEARLS;SEASHELLS;10005.0;2
162000;;;BANANAS;SEASHELLS;4979.0;2
162100;;;BANANAS;SEASHELLS;4972.0;12
162300;;;BANANAS;SEASHELLS;4975.0;2
162300;;;PEARLS;SEASHELLS;10002.0;2
162400;;;BANANAS;SEASHELLS;4976.0;1
162700;;;PEARLS;SEASHELLS;9996.0;1
162700;;;BANANAS;SEASHELLS;4973.0;1
162800;;;PEARLS;SEASHELLS;9995.0;2
162800;;;BANANAS;SEASHELLS;4973.0;2
163100;;;BANANAS;SEASHELLS;4978.0;1
163300;;;BANANAS;SEASHELLS;4979.0;1
163800;;;BANANAS;SEASHELLS;4977.0;1
163900;;;PEARLS;SEASHELLS;10002.0;4
163900;;;PEARLS;SEASHELLS;10002.0;1
163900;;;BANANAS;SEASHELLS;4978.0;5
164000;;;PEARLS;SEASHELLS;10000.0;3
164600;;;PEARLS;SEASHELLS;9998.0;1
164700;;;BANANAS;SEASHELLS;4973.0;2
164700;;;BANANAS;SEASHELLS;4973.0;7
164800;;;PEARLS;SEASHELLS;9998.0;1
165000;;;PEARLS;SEASHELLS;10002.0;2
165300;;;PEARLS;SEASHELLS;9996.0;1
165300;;;PEARLS;SEASHELLS;9996.0;3
165700;;;BANANAS;SEASHELLS;4978.0;1
165900;;;BANANAS;SEASHELLS;4974.0;5
166100;;;PEARLS;SEASHELLS;10002.0;1
166300;;;BANANAS;SEASHELLS;4973.0;13
166300;;;PEARLS;SEASHELLS;10002.0;1
166400;;;PEARLS;SEASHELLS;10002.0;1
166700;;;PEARLS;SEASHELLS;10002.0;1
166700;;;BANANAS;SEASHELLS;4973.0;1
166700;;;BANANAS;SEASHELLS;4978.0;1
167100;;;BANANAS;SEASHELLS;4972.0;1
167100;;;BANANAS;SEASHELLS;4978.0;13
167300;;;PEARLS;SEASHELLS;10005.0;2
167300;;;BANANAS;SEASHELLS;4979.0;2
168100;;;PEARLS;SEASHELLS;10002.0;1
168200;;;BANANAS;SEASHELLS;4973.0;1
168200;;;PEARLS;SEASHELLS;9995.0;1
168700;;;BANANAS;SEASHELLS;4975.0;11
168700;;;BANANAS;SEASHELLS;4975.0;9
168900;;;PEARLS;SEASHELLS;9998.0;5
169200;;;BANANAS;SEASHELLS;4974.0;1
169300;;;PEARLS;SEASHELLS;10002.0;1
169600;;;BANANAS;SEASHELLS;4979.0;1
170000;;;PEARLS;SEASHELLS;10002.0;2
170000;;;BANANAS;SEASHELLS;4977.0;2
170000;;;BANANAS;SEASHELLS;4972.0;1
170200;;;PEARLS;SEASHELLS;10004.0;1
170200;;;BANANAS;SEASHELLS;4977.0;1
170600;;;BANANAS;SEASHELLS;4972.0;1
170800;;;BANANAS;SEASHELLS;4973.0;3
171100;;;BANANAS;SEASHELLS;4973.0;18
171300;;;BANANAS;SEASHELLS;4977.0;1
171400;;;PEARLS;SEASHELLS;9998.0;1
171700;;;PEARLS;SEASHELLS;10004.0;1
171700;;;BANANAS;SEASHELLS;4978.0;1
172100;;;PEARLS;SEASHELLS;10002.0;1
172200;;;PEARLS;SEASHELLS;10002.0;1
172300;;;PEARLS;SEASHELLS;10002.0;1
172600;;;PEARLS;SEASHELLS;10002.0;1
172700;;;PEARLS;SEASHELLS;10004.0;2
172800;;;BANANAS;SEASHELLS;4974.0;3
173100;;;PEARLS;SEASHELLS;10005.0;4
173600;;;BANANAS;SEASHELLS;4978.0;1
173700;;;PEARLS;SEASHELLS;9998.0;1
174100;;;BANANAS;SEASHELLS;4978.0;1
174100;;;PEARLS;SEASHELLS;9998.0;1
174900;;;PEARLS;SEASHELLS;10002.0;1
174900;;;BANANAS;SEASHELLS;4977.0;1
175200;;;PEARLS;SEASHELLS;9998.0;1
175200;;;PEARLS;SEASHELLS;9996.0;2
175200;;;BANANAS;SEASHELLS;4977.0;1
175500;;;BANANAS;SEASHELLS;4978.0;1
175500;;;PEARLS;SEASHELLS;10004.0;1
175600;;;BANANAS;SEASHELLS;4977.0;1
176000;;;BANANAS;SEASHELLS;4972.0;1
176100;;;PEARLS;SEASHELLS;10002.0;1
176100;;;BANANAS;SEASHELLS;4976.0;1
176500;;;BANANAS;SEASHELLS;4979.0;2
176500;;;PEARLS;SEASHELLS;10004.0;1
176900;;;PEARLS;SEASHELLS;10005.0;9
177300;;;BANANAS;SEASHELLS;4973.0;3
177500;;;BANANAS;SEASHELLS;4975.0;4
177600;;;BANANAS;SEASHELLS;4980.0;12
177900;;;BANANAS;SEASHELLS;4980.0;20
177900;;;PEARLS;SEASHELLS;9998.0;3
178200;;;BANANAS;SEASHELLS;4980.0;1
179600;;;PEARLS;SEASHELLS;10002.0;1
180000;;;BANANAS;SEASHELLS;4976.0;1
180300;;;BANANAS;SEASHELLS;4981.0;1
180500;;;BANANAS;SEASHELLS;4976.0;1
180900;;;PEARLS;SEASHELLS;9998.0;2
180900;;;PEARLS;SEASHELLS;9998.0;1
181000;;;PEARLS;SEASHELLS;10002.0;1
181400;;;BANANAS;SEASHELLS;4977.0;1
181600;;;PEARLS;SEASHELLS;9996.0;1
181800;;;BANANAS;SEASHELLS;4984.0;2
181800;;;PEARLS;SEASHELLS;10005.0;2
182300;;;PEARLS;SEASHELLS;9998.0;3
182300;;;PEARLS;SEASHELLS;9998.0;1
182500;;;PEARLS;SEASHELLS;10002.0;1
182700;;;PEARLS;SEASHELLS;9996.0;2
182700;;;BANANAS;SEASHELLS;4985.0;9
182800;;;BANANAS;SEASHELLS;4978.0;4
182900;;;PEARLS;SEASHELLS;10002.0;1
183100;;;PEARLS;SEASHELLS;10002.0;1
183100;;;BANANAS;SEASHELLS;4980.0;1
183400;;;BANANAS;SEASHELLS;4979.0;1
183500;;;BANANAS;SEASHELLS;4983.0;4
183900;;;PEARLS;SEASHELLS;10002.0;1
184200;;;BANANAS;SEASHELLS;4979.0;1
184800;;;PEARLS;SEASHELLS;10000.0;2
185000;;;PEARLS;SEASHELLS;9995.0;1
185000;;;BANANAS;SEASHELLS;4977.0;1
186000;;;PEARLS;SEASHELLS;9995.0;1
186000;;;BANANAS;SEASHELLS;4978.0;1
186100;;;BANANAS;SEASHELLS;4978.0;4
186500;;;BANANAS;SEASHELLS;4980.0;1
186500;;;PEARLS;SEASHELLS;9996.0;1
186800;;;PEARLS;SEASHELLS;9995.0;6
186800;;;BANANAS;SEASHELLS;4979.0;1
186800;;;PEARLS;SEASHELLS;9995.0;1
186900;;;BANANAS;SEASHELLS;4986.0;18
186900;;;PEARLS;SEASHELLS;10002.0;5
186900;;;PEARLS;SEASHELLS;10004.0;9
186900;;;PEARLS;SEASHELLS;10004.0;2
186900;;;BANANAS;SEASHELLS;4984.0;8
187300;;;BANANAS;SEASHELLS;4984.0;1
187300;;;PEARLS;SEASHELLS;9998.0;2
187400;;;BANANAS;SEASHELLS;4980.0;7
187400;;;BANANAS;SEASHELLS;4980.0;12
187600;;;BANANAS;SEASHELLS;4985.0;3
187700;;;BANANAS;SEASHELLS;4983.0;1
188400;;;BANANAS;SEASHELLS;4981.0;1
188500;;;BANANAS;SEASHELLS;4987.0;9
188700;;;BANANAS;SEASHELLS;4986.0;1
188700;;;PEARLS;SEASHELLS;10002.0;1
188900;;;BANANAS;SEASHELLS;4986.0;1
189000;;;PEARLS;SEASHELLS;10002.0;1
189300;;;BANANAS;SEASHELLS;4980.0;1
189400;;;BANANAS;SEASHELLS;4985.0;1
189600;;;BANANAS;SEASHELLS;4986.0;14
189700;;;BANANAS;SEASHELLS;4987.0;1
189700;;;PEARLS;SEASHELLS;10005.0;1
189900;;;PEARLS;SEASHELLS;9998.0;1
190400;;;PEARLS;SEASHELLS;10002.0;4
190400;;;PEARLS;SEASHELLS;10002.0;1
191500;;;BANANAS;SEASHELLS;4983.0;2
191500;;;PEARLS;SEASHELLS;9995.0;2
191600;;;BANANAS;SEASHELLS;4981.0;1
191600;;;PEARLS;SEASHELLS;9998.0;3
191900;;;PEARLS;SEASHELLS;10002.0;1
193100;;;BANANAS;SEASHELLS;4981.0;1
193400;;;PEARLS;SEASHELLS;10002.0;2
193600;;;PEARLS;SEASHELLS;9995.0;2
193600;;;BANANAS;SEASHELLS;4980.0;2
193900;;;BANANAS;SEASHELLS;4986.0;6
194600;;;PEARLS;SEASHELLS;9998.0;2
194600;;;BANANAS;SEASHELLS;4985.0;2
194800;;;BANANAS;SEASHELLS;4987.0;1
195700;;;PEARLS;SEASHELLS;10002.0;1
196000;;;BANANAS;SEASHELLS;4988.0;1
196100;;;BANANAS;SEASHELLS;4983.0;1
196400;;;BANANAS;SEASHELLS;4984.0;1
196600;;;PEARLS;SEASHELLS;9998.0;1
196600;;;BANANAS;SEASHELLS;4989.0;1
196700;;;PEARLS;SEASHELLS;9998.0;2
196700;;;BANANAS;SEASHELLS;4984.0;2
196800;;;PEARLS;SEASHELLS;9998.0;4
197100;;;BANANAS;SEASHELLS;4990.0;7
197100;;;PEARLS;SEASHELLS;9998.0;4
197200;;;PEARLS;SEASHELLS;10002.0;1
197300;;;PEARLS;SEASHELLS;10004.0;2
197300;;;BANANAS;SEASHELLS;4990.0;2
197400;;;PEARLS;SEASHELLS;9998.0;4
197600;;;PEARLS;SEASHELLS;9998.0;1
197900;;;PEARLS;SEASHELLS;9998.0;5
198000;;;BANANAS;SEASHELLS;4991.0;1
198000;;;PEARLS;SEASHELLS;10004.0;1
198100;;;BANANAS;SEASHELLS;4990.0;1
198400;;;BANANAS;SEASHELLS;4984.0;1
198700;;;PEARLS;SEASHELLS;9998.0;5
198900;;;BANANAS;SEASHELLS;4988.0;1
198900;;;BANANAS;SEASHELLS;4989.0;1
199000;;;PEARLS;SEASHELLS;9996.0;1
199000;;;BANANAS;SEASHELLS;4984.0;1
199400;;;BANANAS;SEASHELLS;4989.0;2
199400;;;PEARLS;SEASHELLS;10002.0;2
200100;;;PEARLS;SEASHELLS;9996.0;1
200200;;;BANANAS;SEASHELLS;4989.0;5
200300;;;BANANAS;SEASHELLS;4984.0;2
200300;;;PEARLS;SEASHELLS;9996.0;1
200300;;;PEARLS;SEASHELLS;9996.0;1
200400;;;PEARLS;SEASHELLS;10004.0;7
200400;;;PEARLS;SEASHELLS;10004.0;1
200500;;;BANANAS;SEASHELLS;4991.0;2
200500;;;PEARLS;SEASHELLS;10004.0;2
200600;;;PEARLS;SEASHELLS;10002.0;1
200600;;;BANANAS;SEASHELLS;4985.0;2
200600;;;PEARLS;SEASHELLS;10002.0;2
201000;;;BANANAS;SEASHELLS;4984.0;2
201700;;;PEARLS;SEASHELLS;9996.0;1
201700;;;BANANAS;SEASHELLS;4986.0;9
201700;;;PEARLS;SEASHELLS;9996.0;2
201700;;;PEARLS;SEASHELLS;9998.0;1
201900;;;PEARLS;SEASHELLS;9998.0;1
202100;;;BANANAS;SEASHELLS;4986.0;20
202100;;;BANANAS;SEASHELLS;4992.0;1
202400;;;BANANAS;SEASHELLS;4987.0;1
202800;;;PEARLS;SEASHELLS;9998.0;1
202900;;;BANANAS;SEASHELLS;4987.0;2
202900;;;PEARLS;SEASHELLS;9996.0;1
203300;;;BANANAS;SEASHELLS;4994.0;2
203500;;;BANANAS;SEASHELLS;4994.0;11
203800;;;PEARLS;SEASHELLS;9998.0;1
203900;;;BANANAS;SEASHELLS;4992.0;2
203900;;;PEARLS;SEASHELLS;9998.0;2
204200;;;PEARLS;SEASHELLS;10002.0;1
204400;;;PEARLS;SEASHELLS;10002.0;1
204600;;;PEARLS;SEASHELLS;10000.0;3
204700;;;BANANAS;SEASHELLS;4993.0;4
204800;;;PEARLS;SEASHELLS;9998.0;4
204800;;;PEARLS;SEASHELLS;9998.0;1
204800;;;PEARLS;SEASHELLS;10002.0;6
204900;;;BANANAS;SEASHELLS;4992.0;1
205200;;;PEARLS;SEASHELLS;9996.0;2
205200;;;BANANAS;SEASHELLS;4989.0;2
205300;;;PEARLS;SEASHELLS;10004.0;1
205300;;;BANANAS;SEASHELLS;4995.0;1
205600;;;PEARLS;SEASHELLS;9995.0;8
205900;;;PEARLS;SEASHELLS;9998.0;1
206200;;;PEARLS;SEASHELLS;9998.0;1
206200;;;BANANAS;SEASHELLS;4989.0;2
206400;;;BANANAS;SEASHELLS;4988.0;1
206400;;;PEARLS;SEASHELLS;9995.0;1
207100;;;PEARLS;SEASHELLS;10005.0;2
207100;;;BANANAS;SEASHELLS;4994.0;2
207200;;;BANANAS;SEASHELLS;4987.0;1
207300;;;BANANAS;SEASHELLS;4987.0;1
207300;;;BANANAS;SEASHELLS;4993.0;6
207700;;;BANANAS;SEASHELLS;4992.0;1
207800;;;PEARLS;SEASHELLS;9998.0;4
208000;;;BANANAS;SEASHELLS;4987.0;1
208200;;;BANANAS;SEASHELLS;4993.0;1
208400;;;BANANAS;SEASHELLS;4987.0;1
208500;;;PEARLS;SEASHELLS;9998.0;1
209000;;;BANANAS;SEASHELLS;4988.0;1
209000;;;PEARLS;SEASHELLS;9998.0;4
209300;;;PEARLS;SEASHELLS;9995.0;1
209300;;;BANANAS;SEASHELLS;4987.0;1
209600;;;BANANAS;SEASHELLS;4987.0;1
209900;;;BANANAS;SEASHELLS;4988.0;2
209900;;;PEARLS;SEASHELLS;9996.0;2
210000;;;PEARLS;SEASHELLS;9998.0;1
210000;;;PEARLS;SEASHELLS;9995.0;4
210400;;;PEARLS;SEASHELLS;10002.0;1
210700;;;BANANAS;SEASHELLS;4988.0;12
211000;;;BANANAS;SEASHELLS;4990.0;1
211300;;;BANANAS;SEASHELLS;4995.0;1
211400;;;BANANAS;SEASHELLS;4990.0;1
211900;;;BANANAS;SEASHELLS;4995.0;5
212500;;;BANANAS;SEASHELLS;4995.0;1
212700;;;PEARLS;SEASHELLS;9996.0;2
212700;;;BANANAS;SEASHELLS;4989.0;1
212800;;;PEARLS;SEASHELLS;10002.0;3
212900;;;PEARLS;SEASHELLS;9998.0;5
213100;;;PEARLS;SEASHELLS;9998.0;1
213100;;;PEARLS;SEASHELLS;9998.0;3
213200;;;BANANAS;SEASHELLS;4989.0;4
213400;;;PEARLS;SEASHELLS;9998.0;2
214400;;;PEARLS;SEASHELLS;10004.0;2
214600;;;PEARLS;SEASHELLS;9998.0;1
214700;;;BANANAS;SEASHELLS;4986.0;1
214800;;;BANANAS;SEASHELLS;4991.0;11
214900;;;BANANAS;SEASHELLS;4986.0;1
215100;;;PEARLS;SEASHELLS;10005.0;2
215100;;;BANANAS;SEASHELLS;4992.0;2
215200;;;BANANAS;SEASHELLS;4987.0;5
215200;;;PEARLS;SEASHELLS;10002.0;1
216300;;;BANANAS;SEASHELLS;4993.0;1
216500;;;PEARLS;SEASHELLS;10002.0;1
216500;;;BANANAS;SEASHELLS;4987.0;1
216700;;;BANANAS;SEASHELLS;4987.0;1
216700;;;BANANAS;SEASHELLS;4987.0;12
217100;;;BANANAS;SEASHELLS;4992.0;1
217100;;;PEARLS;SEASHELLS;10004.0;1
217500;;;PEARLS;SEASHELLS;10002.0;1
217700;;;BANANAS;SEASHELLS;4987.0;5
217900;;;BANANAS;SEASHELLS;4986.0;1
217900;;;PEARLS;SEASHELLS;9996.0;1
218100;;;PEARLS;SEASHELLS;9998.0;1
218300;;;BANANAS;SEASHELLS;4986.0;19
218400;;;BANANAS;SEASHELLS;4991.0;1
218400;;;PEARLS;SEASHELLS;10005.0;1
218400;;;BANANAS;SEASHELLS;4988.0;1
219600;;;BANANAS;SEASHELLS;4990.0;1
219900;;;BANANAS;SEASHELLS;4991.0;1
220100;;;BANANAS;SEASHELLS;4991.0;1
220100;;;PEARLS;SEASHELLS;9996.0;1
220300;;;PEARLS;SEASHELLS;10002.0;1
220300;;;BANANAS;SEASHELLS;4986.0;2
220800;;;BANANAS;SEASHELLS;4986.0;1
220900;;;BANANAS;SEASHELLS;4989.0;2
221500;;;BANANAS;SEASHELLS;4988.0;1
221700;;;BANANAS;SEASHELLS;4983.0;1
222500;;;PEARLS;SEASHELLS;9998.0;1
222500;;;BANANAS;SEASHELLS;4991.0;2
222600;;;PEARLS;SEASHELLS;10002.0;1
222900;;;PEARLS;SEASHELLS;10005.0;8
223200;;;BANANAS;SEASHELLS;4989.0;1
223200;;;PEARLS;SEASHELLS;10002.0;1
223400;;;BANANAS;SEASHELLS;4989.0;1
223900;;;PEARLS;SEASHELLS;10002.0;3
224300;;;PEARLS;SEASHELLS;10004.0;2
224300;;;BANANAS;SEASHELLS;4990.0;2
224500;;;BANANAS;SEASHELLS;4990.0;1
224500;;;PEARLS;SEASHELLS;10004.0;1
224600;;;BANANAS;SEASHELLS;4984.0;1
224800;;;PEARLS;SEASHELLS;10005.0;7
224900;;;BANANAS;SEASHELLS;4984.0;1
225800;;;BANANAS;SEASHELLS;4983.0;1
225900;;;BANANAS;SEASHELLS;4990.0;14
226000;;;PEARLS;SEASHELLS;9995.0;2
226000;;;BANANAS;SEASHELLS;4983.0;2
226100;;;BANANAS;SEASHELLS;4990.0;1
226100;;;PEARLS;SEASHELLS;10005.0;1
226300;;;BANANAS;SEASHELLS;4984.0;3
226300;;;PEARLS;SEASHELLS;10002.0;1
226500;;;PEARLS;SEASHELLS;10002.0;1
226700;;;BANANAS;SEASHELLS;4983.0;1
226800;;;BANANAS;SEASHELLS;4989.0;1
227400;;;PEARLS;SEASHELLS;9998.0;5
227600;;;PEARLS;SEASHELLS;9998.0;3
227600;;;PEARLS;SEASHELLS;9998.0;1
227600;;;BANANAS;SEASHELLS;4989.0;1
227600;;;PEARLS;SEASHELLS;9998.0;3
227700;;;PEARLS;SEASHELLS;10004.0;1
227700;;;PEARLS;SEASHELLS;9998.0;4
227700;;;BANANAS;SEASHELLS;4989.0;1
227800;;;BANANAS;SEASHELLS;4983.0;1
227900;;;BANANAS;SEASHELLS;4988.0;5
227900;;;BANANAS;SEASHELLS;4989.0;1
228000;;;BANANAS;SEASHELLS;4987.0;3
228300;;;PEARLS;SEASHELLS;9998.0;4
228700;;;PEARLS;SEASHELLS;9998.0;1
228800;;;BANANAS;SEASHELLS;4986.0;1
229200;;;PEARLS;SEASHELLS;10005.0;8
229600;;;PEARLS;SEASHELLS;10002.0;4
229800;;;BANANAS;SEASHELLS;4992.0;2
230000;;;PEARLS;SEASHELLS;10002.0;1
230400;;;BANANAS;SEASHELLS;4987.0;1
230600;;;BANANAS;SEASHELLS;4986.0;2
230600;;;BANANAS;SEASHELLS;4988.0;1
230600;;;PEARLS;SEASHELLS;9996.0;2
230600;;;BANANAS;SEASHELLS;4988.0;1
230700;;;BANANAS;SEASHELLS;4992.0;1
230700;;;BANANAS;SEASHELLS;4986.0;19
231100;;;BANANAS;SEASHELLS;4992.0;1
231800;;;BANANAS;SEASHELLS;4987.0;5
232100;;;BANANAS;SEASHELLS;4987.0;4
232200;;;BANANAS;SEASHELLS;4991.0;2
232500;;;BANANAS;SEASHELLS;4987.0;1
232700;;;PEARLS;SEASHELLS;9998.0;2
232700;;;BANANAS;SEASHELLS;4987.0;1
233000;;;PEARLS;SEASHELLS;9998.0;4
233100;;;PEARLS;SEASHELLS;10002.0;1
233100;;;BANANAS;SEASHELLS;4992.0;1
233200;;;PEARLS;SEASHELLS;9998.0;1
233500;;;PEARLS;SEASHELLS;10002.0;1
233500;;;BANANAS;SEASHELLS;4993.0;1
233700;;;BANANAS;SEASHELLS;4994.0;2
234500;;;BANANAS;SEASHELLS;4987.0;1
234500;;;PEARLS;SEASHELLS;9998.0;1
234800;;;PEARLS;SEASHELLS;9998.0;1
235400;;;BANANAS;SEASHELLS;4991.0;1
235400;;;PEARLS;SEASHELLS;9998.0;1
235700;;;PEARLS;SEASHELLS;10002.0;1
236100;;;PEARLS;SEASHELLS;9998.0;1
236100;;;PEARLS;SEASHELLS;9995.0;5
236100;;;PEARLS;SEASHELLS;9995.0;12
236400;;;BANANAS;SEASHELLS;4984.0;2
236400;;;PEARLS;SEASHELLS;9998.0;1
236400;;;PEARLS;SEASHELLS;9996.0;2
236500;;;BANANAS;SEASHELLS;4984.0;1
236500;;;PEARLS;SEASHELLS;9995.0;2
236600;;;PEARLS;SEASHELLS;10000.0;3
236700;;;BANANAS;SEASHELLS;4985.0;1
237000;;;BANANAS;SEASHELLS;4992.0;1
237000;;;PEARLS;SEASHELLS;10005.0;1
237000;;;PEARLS;SEASHELLS;10004.0;1
237100;;;PEARLS;SEASHELLS;9995.0;4
237100;;;PEARLS;SEASHELLS;9998.0;1
237300;;;BANANAS;SEASHELLS;4986.0;2
237500;;;BANANAS;SEASHELLS;4992.0;10
237700;;;BANANAS;SEASHELLS;4985.0;1
237900;;;BANANAS;SEASHELLS;4991.0;1
237900;;;PEARLS;SEASHELLS;10004.0;1
238000;;;BANANAS;SEASHELLS;4991.0;1
238000;;;PEARLS;SEASHELLS;10004.0;1
238000;;;BANANAS;SEASHELLS;4990.0;2
238700;;;BANANAS;SEASHELLS;4983.0;2
238700;;;PEARLS;SEASHELLS;10002.0;1
238900;;;BANANAS;SEASHELLS;4990.0;20
239100;;;BANANAS;SEASHELLS;4984.0;1
239200;;;BANANAS;SEASHELLS;4990.0;1
239400;;;PEARLS;SEASHELLS;10002.0;1
239800;;;PEARLS;SEASHELLS;9998.0;1
240100;;;PEARLS;SEASHELLS;9998.0;1
240700;;;PEARLS;SEASHELLS;9998.0;1
241000;;;BANANAS;SEASHELLS;4983.0;1
241200;;;BANANAS;SEASHELLS;4982.0;1
241200;;;PEARLS;SEASHELLS;9998.0;3
241300;;;PEARLS;SEASHELLS;9998.0;4
241300;;;PEARLS;SEASHELLS;9998.0;8
241400;;;PEARLS;SEASHELLS;9996.0;1
241400;;;PEARLS;SEASHELLS;9996.0;9
241500;;;BANANAS;SEASHELLS;4981.0;1
241700;;;BANANAS;SEASHELLS;4986.0;6
241700;;;PEARLS;SEASHELLS;10002.0;2
241700;;;BANANAS;SEASHELLS;4986.0;2
241800;;;PEARLS;SEASHELLS;10002.0;1
242200;;;BANANAS;SEASHELLS;4988.0;20
242200;;;PEARLS;SEASHELLS;9998.0;1
242300;;;PEARLS;SEASHELLS;10002.0;1
242500;;;BANANAS;SEASHELLS;4981.0;6
242600;;;BANANAS;SEASHELLS;4986.0;1
242800;;;PEARLS;SEASHELLS;10005.0;8
242900;;;BANANAS;SEASHELLS;4985.0;1
243100;;;BANANAS;SEASHELLS;4980.0;1
243200;;;PEARLS;SEASHELLS;10005.0;4
243300;;;PEARLS;SEASHELLS;9998.0;3
243400;;;PEARLS;SEASHELLS;9996.0;1
243400;;;BANANAS;SEASHELLS;4987.0;1
243600;;;BANANAS;SEASHELLS;4982.0;1
243700;;;BANANAS;SEASHELLS;4981.0;2
243700;;;PEARLS;SEASHELLS;9996.0;1
244100;;;PEARLS;SEASHELLS;9998.0;1
244400;;;PEARLS;SEASHELLS;9998.0;1
244700;;;BANANAS;SEASHELLS;4986.0;1
244900;;;PEARLS;SEASHELLS;10002.0;1
245000;;;PEARLS;SEASHELLS;10002.0;8
245000;;;BANANAS;SEASHELLS;4986.0;8
245100;;;BANANAS;SEASHELLS;4981.0;1
245200;;;BANANAS;SEASHELLS;4981.0;1
246100;;;PEARLS;SEASHELLS;10002.0;3
246200;;;PEARLS;SEASHELLS;10002.0;3
246500;;;BANANAS;SEASHELLS;4980.0;3
247100;;;PEARLS;SEASHELLS;9998.0;1
247300;;;BANANAS;SEASHELLS;4979.0;1
247600;;;PEARLS;SEASHELLS;9998.0;2
247600;;;BANANAS;SEASHELLS;4987.0;4
247600;;;PEARLS;SEASHELLS;9998.0;1
247600;;;BANANAS;SEASHELLS;4980.0;1
247600;;;PEARLS;SEASHELLS;9998.0;4
247700;;;PEARLS;SEASHELLS;9996.0;2
247700;;;PEARLS;SEASHELLS;9998.0;6
247700;;;BANANAS;SEASHELLS;4981.0;2
247900;;;PEARLS;SEASHELLS;9996.0;9
247900;;;PEARLS;SEASHELLS;9996.0;1
248100;;;BANANAS;SEASHELLS;4985.0;1
248300;;;BANANAS;SEASHELLS;4984.0;3
248400;;;PEARLS;SEASHELLS;9996.0;1
248400;;;BANANAS;SEASHELLS;4980.0;16
248400;;;BANANAS;SEASHELLS;4980.0;1
248700;;;PEARLS;SEASHELLS;9998.0;1
249000;;;PEARLS;SEASHELLS;10002.0;1
249200;;;BANANAS;SEASHELLS;4984.0;9
249300;;;PEARLS;SEASHELLS;9998.0;1
249400;;;BANANAS;SEASHELLS;4980.0;1
249400;;;PEARLS;SEASHELLS;9998.0;1
249800;;;PEARLS;SEASHELLS;10002.0;1
249900;;;PEARLS;SEASHELLS;10002.0;1
249900;;;BANANAS;SEASHELLS;4985.0;1
250300;;;BANANAS;SEASHELLS;4985.0;2
250500;;;PEARLS;SEASHELLS;10002.0;1
250500;;;PEARLS;SEASHELLS;10005.0;2
250500;;;BANANAS;SEASHELLS;4988.0;2
250600;;;BANANAS;SEASHELLS;4987.0;1
250700;;;PEARLS;SEASHELLS;9998.0;3
251100;;;PEARLS;SEASHELLS;10002.0;5
251300;;;BANANAS;SEASHELLS;4982.0;1
251500;;;BANANAS;SEASHELLS;4989.0;4
251700;;;PEARLS;SEASHELLS;9996.0;2
251700;;;PEARLS;SEASHELLS;9996.0;2
251700;;;PEARLS;SEASHELLS;9998.0;1
252300;;;PEARLS;SEASHELLS;10002.0;5
252800;;;PEARLS;SEASHELLS;9996.0;2
252800;;;BANANAS;SEASHELLS;4984.0;2
253400;;;BANANAS;SEASHELLS;4985.0;10
253500;;;BANANAS;SEASHELLS;4985.0;1
253500;;;PEARLS;SEASHELLS;9996.0;1
253700;;;BANANAS;SEASHELLS;4986.0;1
253800;;;PEARLS;SEASHELLS;10002.0;1
254000;;;BANANAS;SEASHELLS;4988.0;2
254000;;;BANANAS;SEASHELLS;4988.0;10
254000;;;PEARLS;SEASHELLS;10005.0;2
254700;;;BANANAS;SEASHELLS;4994.0;1
254700;;;PEARLS;SEASHELLS;10004.0;1
254800;;;PEARLS;SEASHELLS;10002.0;1
255000;;;BANANAS;SEASHELLS;4987.0;1
255100;;;BANANAS;SEASHELLS;4988.0;2
255100;;;PEARLS;SEASHELLS;9996.0;1
255400;;;BANANAS;SEASHELLS;4988.0;1
255700;;;BANANAS;SEASHELLS;4992.0;1
256000;;;BANANAS;SEASHELLS;4994.0;6
256000;;;BANANAS;SEASHELLS;4993.0;1
256000;;;BANANAS;SEASHELLS;4994.0;1
256200;;;BANANAS;SEASHELLS;4989.0;15
257000;;;PEARLS;SEASHELLS;10002.0;1
257100;;;BANANAS;SEASHELLS;4991.0;1
257100;;;BANANAS;SEASHELLS;4991.0;1
257300;;;BANANAS;SEASHELLS;4995.0;5
257600;;;BANANAS;SEASHELLS;4991.0;1
257600;;;PEARLS;SEASHELLS;9996.0;1
258000;;;PEARLS;SEASHELLS;9998.0;1
258200;;;BANANAS;SEASHELLS;4990.0;2
258200;;;PEARLS;SEASHELLS;9995.0;2
258400;;;PEARLS;SEASHELLS;10005.0;5
259300;;;BANANAS;SEASHELLS;4991.0;1
259300;;;PEARLS;SEASHELLS;9998.0;1
259500;;;BANANAS;SEASHELLS;4995.0;1
260000;;;PEARLS;SEASHELLS;10002.0;1
260200;;;PEARLS;SEASHELLS;9995.0;1
260200;;;BANANAS;SEASHELLS;4989.0;1
260300;;;BANANAS;SEASHELLS;4990.0;1
260300;;;PEARLS;SEASHELLS;10002.0;1
260600;;;PEARLS;SEASHELLS;10004.0;1
260600;;;BANANAS;SEASHELLS;4990.0;1
261000;;;BANANAS;SEASHELLS;4990.0;1
261200;;;PEARLS;SEASHELLS;10002.0;1
261300;;;PEARLS;SEASHELLS;10002.0;1
261500;;;BANANAS;SEASHELLS;4989.0;1
261500;;;PEARLS;SEASHELLS;9998.0;1
261600;;;PEARLS;SEASHELLS;10002.0;1
261800;;;BANANAS;SEASHELLS;4994.0;1
261900;;;BANANAS;SEASHELLS;4989.0;1
262200;;;BANANAS;SEASHELLS;4996.0;2
262200;;;PEARLS;SEASHELLS;10005.0;2
262400;;;PEARLS;SEASHELLS;10002.0;1
262500;;;PEARLS;SEASHELLS;9998.0;2
262800;;;BANANAS;SEASHELLS;4990.0;1
262900;;;BANANAS;SEASHELLS;4996.0;1
263700;;;BANANAS;SEASHELLS;4991.0;1
263800;;;PEARLS;SEASHELLS;10002.0;1
264500;;;BANANAS;SEASHELLS;4991.0;5
264700;;;PEARLS;SEASHELLS;9998.0;1
265000;;;PEARLS;SEASHELLS;9998.0;1
265700;;;BANANAS;SEASHELLS;4995.0;2
265700;;;BANANAS;SEASHELLS;4996.0;2
265700;;;PEARLS;SEASHELLS;10004.0;2
265900;;;BANANAS;SEASHELLS;4992.0;1
265900;;;BANANAS;SEASHELLS;4994.0;1
265900;;;PEARLS;SEASHELLS;10000.0;1
266000;;;PEARLS;SEASHELLS;9998.0;3
266000;;;BANANAS;SEASHELLS;4990.0;1
266300;;;BANANAS;SEASHELLS;4989.0;1
266500;;;BANANAS;SEASHELLS;4995.0;1
266700;;;PEARLS;SEASHELLS;10002.0;1
266800;;;BANANAS;SEASHELLS;4997.0;1
266800;;;PEARLS;SEASHELLS;10004.0;1
267000;;;BANANAS;SEASHELLS;4991.0;1
267000;;;PEARLS;SEASHELLS;10002.0;5
267600;;;PEARLS;SEASHELLS;10002.0;1
267900;;;BANANAS;SEASHELLS;4994.0;1
268800;;;PEARLS;SEASHELLS;10004.0;2
269000;;;BANANAS;SEASHELLS;4990.0;1
269000;;;BANANAS;SEASHELLS;4990.0;1
269000;;;PEARLS;SEASHELLS;9996.0;1
269000;;;PEARLS;SEASHELLS;9996.0;1
269200;;;BANANAS;SEASHELLS;4994.0;1
269200;;;PEARLS;SEASHELLS;10002.0;8
269400;;;PEARLS;SEASHELLS;9995.0;5
269700;;;PEARLS;SEASHELLS;9998.0;1
269800;;;PEARLS;SEASHELLS;10002.0;1
269800;;;BANANAS;SEASHELLS;4994.0;1
269800;;;PEARLS;SEASHELLS;10002.0;2
269900;;;BANANAS;SEASHELLS;4994.0;1
270000;;;BANANAS;SEASHELLS;4988.0;4
270100;;;BANANAS;SEASHELLS;4989.0;1
270200;;;PEARLS;SEASHELLS;9998.0;1
270300;;;BANANAS;SEASHELLS;4989.0;1
270400;;;PEARLS;SEASHELLS;10005.0;5
270600;;;BANANAS;SEASHELLS;4994.0;1
270700;;;BANANAS;SEASHELLS;4989.0;1
270900;;;PEARLS;SEASHELLS;10004.0;2
270900;;;BANANAS;SEASHELLS;4996.0;2
271200;;;BANANAS;SEASHELLS;4994.0;7
271600;;;PEARLS;SEASHELLS;9998.0;1
271700;;;BANANAS;SEASHELLS;4989.0;1
271800;;;PEARLS;SEASHELLS;10004.0;2
271900;;;BANANAS;SEASHELLS;4995.0;14
272100;;;BANANAS;SEASHELLS;4994.0;1
272200;;;BANANAS;SEASHELLS;4989.0;1
272300;;;PEARLS;SEASHELLS;10002.0;2
272700;;;PEARLS;SEASHELLS;9998.0;1
272800;;;PEARLS;SEASHELLS;10004.0;1
272800;;;PEARLS;SEASHELLS;10005.0;2
272800;;;BANANAS;SEASHELLS;4995.0;2
273400;;;PEARLS;SEASHELLS;9996.0;2
273400;;;PEARLS;SEASHELLS;9996.0;6
274200;;;BANANAS;SEASHELLS;4994.0;1
274600;;;BANANAS;SEASHELLS;4989.0;1
275000;;;BANANAS;SEASHELLS;4993.0;1
275600;;;PEARLS;SEASHELLS;9998.0;1
275600;;;BANANAS;SEASHELLS;4993.0;3
276500;;;PEARLS;SEASHELLS;9998.0;1
277000;;;BANANAS;SEASHELLS;4988.0;1
277000;;;BANANAS;SEASHELLS;4988.0;1
277000;;;PEARLS;SEASHELLS;9996.0;2
278100;;;BANANAS;SEASHELLS;4991.0;1
278200;;;PEARLS;SEASHELLS;9998.0;3
278200;;;BANANAS;SEASHELLS;4988.0;1
278500;;;PEARLS;SEASHELLS;9996.0;1
278700;;;BANANAS;SEASHELLS;4991.0;3
278700;;;BANANAS;SEASHELLS;4991.0;8
279200;;;BANANAS;SEASHELLS;4987.0;4
279300;;;BANANAS;SEASHELLS;4986.0;1
279400;;;BANANAS;SEASHELLS;4985.0;2
279400;;;PEARLS;SEASHELLS;9996.0;2
279400;;;PEARLS;SEASHELLS;9995.0;2
279900;;;PEARLS;SEASHELLS;9996.0;1
279900;;;BANANAS;SEASHELLS;4985.0;2
280200;;;BANANAS;SEASHELLS;4992.0;13
280400;;;BANANAS;SEASHELLS;4992.0;2
280400;;;PEARLS;SEASHELLS;10004.0;2
280900;;;PEARLS;SEASHELLS;10000.0;2
281100;;;PEARLS;SEASHELLS;10002.0;5
282200;;;BANANAS;SEASHELLS;4984.0;1
282400;;;PEARLS;SEASHELLS;10002.0;1
282500;;;PEARLS;SEASHELLS;9995.0;2
283300;;;BANANAS;SEASHELLS;4992.0;2
283300;;;PEARLS;SEASHELLS;10004.0;1
283300;;;PEARLS;SEASHELLS;10004.0;1
283600;;;PEARLS;SEASHELLS;10002.0;1
283700;;;PEARLS;SEASHELLS;9998.0;1
284200;;;BANANAS;SEASHELLS;4992.0;10
284300;;;PEARLS;SEASHELLS;9998.0;1
284500;;;BANANAS;SEASHELLS;4985.0;2
284500;;;PEARLS;SEASHELLS;9996.0;2
285100;;;BANANAS;SEASHELLS;4986.0;1
285100;;;PEARLS;SEASHELLS;9996.0;1
285300;;;BANANAS;SEASHELLS;4986.0;1
285700;;;PEARLS;SEASHELLS;9996.0;2
286000;;;PEARLS;SEASHELLS;9998.0;1
286000;;;BANANAS;SEASHELLS;4991.0;2
288100;;;PEARLS;SEASHELLS;10002.0;4
288100;;;PEARLS;SEASHELLS;10002.0;1
288100;;;BANANAS;SEASHELLS;4984.0;1
288600;;;BANANAS;SEASHELLS;4984.0;1
288900;;;BANANAS;SEASHELLS;4988.0;1
288900;;;BANANAS;SEASHELLS;4989.0;1
288900;;;PEARLS;SEASHELLS;10004.0;1
289400;;;BANANAS;SEASHELLS;4989.0;1
289400;;;BANANAS;SEASHELLS;4984.0;7
289700;;;BANANAS;SEASHELLS;4984.0;5
289800;;;PEARLS;SEASHELLS;10004.0;2
290200;;;BANANAS;SEASHELLS;4988.0;1
290300;;;BANANAS;SEASHELLS;4990.0;1
290300;;;PEARLS;SEASHELLS;9998.0;1
291400;;;PEARLS;SEASHELLS;9995.0;4
291400;;;BANANAS;SEASHELLS;4986.0;1
291500;;;PEARLS;SEASHELLS;9998.0;1
291700;;;BANANAS;SEASHELLS;4987.0;1
291700;;;PEARLS;SEASHELLS;9998.0;1
292200;;;PEARLS;SEASHELLS;10002.0;1
292300;;;BANANAS;SEASHELLS;4988.0;2
292300;;;PEARLS;SEASHELLS;9996.0;2
292400;;;PEARLS;SEASHELLS;10002.0;1
292500;;;PEARLS;SEASHELLS;10002.0;3
292500;;;PEARLS;SEASHELLS;10002.0;2
292600;;;BANANAS;SEASHELLS;4995.0;6
292600;;;BANANAS;SEASHELLS;4995.0;1
292800;;;BANANAS;SEASHELLS;4989.0;1
292800;;;PEARLS;SEASHELLS;10002.0;1
293000;;;BANANAS;SEASHELLS;4995.0;16
293000;;;BANANAS;SEASHELLS;4988.0;1
293100;;;BANANAS;SEASHELLS;4989.0;1
293400;;;BANANAS;SEASHELLS;4988.0;1
293400;;;BANANAS;SEASHELLS;4989.0;5
293600;;;BANANAS;SEASHELLS;4988.0;1
293700;;;PEARLS;SEASHELLS;10002.0;1
294000;;;BANANAS;SEASHELLS;4988.0;9
294200;;;BANANAS;SEASHELLS;4988.0;1
294200;;;BANANAS;SEASHELLS;4988.0;4
294300;;;BANANAS;SEASHELLS;4993.0;11
294900;;;PEARLS;SEASHELLS;9995.0;1
294900;;;BANANAS;SEASHELLS;4988.0;1
295300;;;BANANAS;SEASHELLS;4989.0;1
295700;;;PEARLS;SEASHELLS;10004.0;1
295700;;;BANANAS;SEASHELLS;4995.0;2
295800;;;PEARLS;SEASHELLS;10002.0;1
295800;;;BANANAS;SEASHELLS;4988.0;1
296100;;;BANANAS;SEASHELLS;4990.0;1
296200;;;PEARLS;SEASHELLS;10002.0;1
296300;;;BANANAS;SEASHELLS;4993.0;1
296400;;;PEARLS;SEASHELLS;9998.0;5
296700;;;BANANAS;SEASHELLS;4992.0;8
297000;;;BANANAS;SEASHELLS;4988.0;2
297100;;;BANANAS;SEASHELLS;4992.0;1
297300;;;PEARLS;SEASHELLS;10004.0;2
297400;;;BANANAS;SEASHELLS;4994.0;2
297400;;;PEARLS;SEASHELLS;9998.0;2
297400;;;BANANAS;SEASHELLS;4987.0;1
297400;;;BANANAS;SEASHELLS;4993.0;1
297700;;;PEARLS;SEASHELLS;10002.0;1
297800;;;PEARLS;SEASHELLS;10002.0;3
298100;;;BANANAS;SEASHELLS;4990.0;2
298100;;;PEARLS;SEASHELLS;9998.0;2
298600;;;BANANAS;SEASHELLS;4990.0;1
298800;;;BANANAS;SEASHELLS;4996.0;1
298900;;;BANANAS;SEASHELLS;4996.0;1
299500;;;PEARLS;SEASHELLS;9995.0;5
299600;;;BANANAS;SEASHELLS;4996.0;1
299700;;;BANANAS;SEASHELLS;4996.0;1
300700;;;BANANAS;SEASHELLS;4992.0;6
300800;;;BANANAS;SEASHELLS;4999.0;1
300800;;;PEARLS;SEASHELLS;10005.0;1
301100;;;BANANAS;SEASHELLS;4993.0;1
301400;;;PEARLS;SEASHELLS;10005.0;2
301400;;;BANANAS;SEASHELLS;4998.0;2
301500;;;PEARLS;SEASHELLS;10002.0;1
301900;;;BANANAS;SEASHELLS;4996.0;8
301900;;;BANANAS;SEASHELLS;4998.0;20
302100;;;BANANAS;SEASHELLS;4996.0;1
302100;;;BANANAS;SEASHELLS;4997.0;1
302100;;;PEARLS;SEASHELLS;10004.0;1
302400;;;PEARLS;SEASHELLS;9998.0;1
302400;;;PEARLS;SEASHELLS;9998.0;4
302500;;;PEARLS;SEASHELLS;9998.0;1
302900;;;BANANAS;SEASHELLS;4990.0;1
303100;;;BANANAS;SEASHELLS;4990.0;1
303100;;;PEARLS;SEASHELLS;10005.0;2
303100;;;BANANAS;SEASHELLS;4997.0;2
303400;;;BANANAS;SEASHELLS;4991.0;5
303600;;;BANANAS;SEASHELLS;4991.0;1
303600;;;PEARLS;SEASHELLS;9998.0;5
303700;;;PEARLS;SEASHELLS;10002.0;1
303900;;;BANANAS;SEASHELLS;4991.0;17
304100;;;BANANAS;SEASHELLS;4992.0;5
305100;;;PEARLS;SEASHELLS;9998.0;1
305600;;;BANANAS;SEASHELLS;4996.0;12
305900;;;PEARLS;SEASHELLS;10002.0;3
306000;;;BANANAS;SEASHELLS;4989.0;1
306300;;;PEARLS;SEASHELLS;9998.0;1
306700;;;PEARLS;SEASHELLS;9998.0;2
307400;;;PEARLS;SEASHELLS;9998.0;1
307500;;;BANANAS;SEASHELLS;4989.0;1
307900;;;BANANAS;SEASHELLS;4997.0;1
307900;;;PEARLS;SEASHELLS;10004.0;1
308000;;;PEARLS;SEASHELLS;10002.0;1
308200;;;PEARLS;SEASHELLS;9996.0;1
308200;;;BANANAS;SEASHELLS;4990.0;1
308300;;;PEARLS;SEASHELLS;10002.0;1
308300;;;BANANAS;SEASHELLS;4990.0;1
308500;;;BANANAS;SEASHELLS;4991.0;1
308600;;;BANANAS;SEASHELLS;4992.0;5
308600;;;BANANAS;SEASHELLS;4991.0;1
309200;;;BANANAS;SEASHELLS;4991.0;1
309600;;;BANANAS;SEASHELLS;4991.0;2
309600;;;PEARLS;SEASHELLS;9998.0;2
309800;;;PEARLS;SEASHELLS;9998.0;1
310600;;;PEARLS;SEASHELLS;10002.0;1
310800;;;BANANAS;SEASHELLS;4994.0;1
310900;;;PEARLS;SEASHELLS;10004.0;2
311100;;;BANANAS;SEASHELLS;4988.0;1
311700;;;BANANAS;SEASHELLS;4988.0;2
311700;;;PEARLS;SEASHELLS;9996.0;2
312300;;;BANANAS;SEASHELLS;4990.0;2
312300;;;PEARLS;SEASHELLS;9996.0;2
312500;;;BANANAS;SEASHELLS;4995.0;1
312600;;;PEARLS;SEASHELLS;10004.0;2
312600;;;PEARLS;SEASHELLS;10004.0;8
313100;;;PEARLS;SEASHELLS;9996.0;1
313100;;;PEARLS;SEASHELLS;9996.0;2
313100;;;BANANAS;SEASHELLS;4990.0;1
313200;;;BANANAS;SEASHELLS;4990.0;1
313600;;;PEARLS;SEASHELLS;10005.0;5
313700;;;PEARLS;SEASHELLS;9998.0;2
313700;;;PEARLS;SEASHELLS;9998.0;2
314000;;;PEARLS;SEASHELLS;10002.0;1
314100;;;PEARLS;SEASHELLS;10002.0;1
314200;;;BANANAS;SEASHELLS;4994.0;1
314700;;;PEARLS;SEASHELLS;10002.0;1
314700;;;BANANAS;SEASHELLS;4992.0;2
315300;;;PEARLS;SEASHELLS;10002.0;5
315500;;;PEARLS;SEASHELLS;9998.0;2
315800;;;BANANAS;SEASHELLS;4998.0;1
315800;;;PEARLS;SEASHELLS;10002.0;1
315800;;;BANANAS;SEASHELLS;4999.0;1
316000;;;BANANAS;SEASHELLS;4993.0;2
316200;;;PEARLS;SEASHELLS;10004.0;2
316200;;;BANANAS;SEASHELLS;4999.0;2
316600;;;BANANAS;SEASHELLS;5000.0;1
316600;;;PEARLS;SEASHELLS;10005.0;1
316800;;;BANANAS;SEASHELLS;4994.0;1
316900;;;BANANAS;SEASHELLS;4999.0;1
317400;;;BANANAS;SEASHELLS;4993.0;1
317600;;;BANANAS;SEASHELLS;4994.0;5
317700;;;PEARLS;SEASHELLS;10002.0;1
317800;;;PEARLS;SEASHELLS;9998.0;3
318000;;;PEARLS;SEASHELLS;9998.0;1
318400;;;BANANAS;SEASHELLS;4997.0;15
318600;;;PEARLS;SEASHELLS;10002.0;2
318700;;;BANANAS;SEASHELLS;4996.0;1
319000;;;PEARLS;SEASHELLS;9998.0;1
319000;;;BANANAS;SEASHELLS;4998.0;4
319500;;;BANANAS;SEASHELLS;4992.0;1
319800;;;PEARLS;SEASHELLS;10002.0;1
320100;;;PEARLS;SEASHELLS;9998.0;1
320200;;;BANANAS;SEASHELLS;4991.0;6
320300;;;PEARLS;SEASHELLS;10004.0;1
320300;;;BANANAS;SEASHELLS;4997.0;1
320500;;;BANANAS;SEASHELLS;4991.0;1
320900;;;PEARLS;SEASHELLS;10005.0;3
321100;;;BANANAS;SEASHELLS;4992.0;9
321100;;;BANANAS;SEASHELLS;4992.0;1
321300;;;BANANAS;SEASHELLS;4998.0;2
321300;;;PEARLS;SEASHELLS;10004.0;2
321600;;;BANANAS;SEASHELLS;4993.0;1
321800;;;BANANAS;SEASHELLS;4993.0;1
321900;;;PEARLS;SEASHELLS;9996.0;1
321900;;;BANANAS;SEASHELLS;4993.0;1
322000;;;BANANAS;SEASHELLS;4994.0;1
322100;;;BANANAS;SEASHELLS;4994.0;1
322500;;;BANANAS;SEASHELLS;4994.0;1
322900;;;BANANAS;SEASHELLS;4993.0;1
324100;;;PEARLS;SEASHELLS;9998.0;2
324100;;;BANANAS;SEASHELLS;4995.0;2
324200;;;PEARLS;SEASHELLS;9998.0;1
324300;;;BANANAS;SEASHELLS;4997.0;1
324500;;;BANANAS;SEASHELLS;4993.0;2
324600;;;PEARLS;SEASHELLS;9995.0;6
325000;;;PEARLS;SEASHELLS;10005.0;5
325100;;;BANANAS;SEASHELLS;4992.0;1
325100;;;PEARLS;SEASHELLS;9996.0;1
325500;;;BANANAS;SEASHELLS;4993.0;1
325500;;;BANANAS;SEASHELLS;4993.0;4
325900;;;BANANAS;SEASHELLS;4998.0;2
326000;;;PEARLS;SEASHELLS;9996.0;2
326200;;;BANANAS;SEASHELLS;4991.0;1
326300;;;BANANAS;SEASHELLS;4991.0;1
326400;;;BANANAS;SEASHELLS;4996.0;1
326600;;;BANANAS;SEASHELLS;4992.0;3
326600;;;BANANAS;SEASHELLS;4992.0;1
326900;;;PEARLS;SEASHELLS;10002.0;1
326900;;;BANANAS;SEASHELLS;4992.0;1
327100;;;PEARLS;SEASHELLS;10002.0;2
327400;;;BANANAS;SEASHELLS;4995.0;8
327500;;;BANANAS;SEASHELLS;4995.0;8
327500;;;BANANAS;SEASHELLS;4995.0;9
327700;;;BANANAS;SEASHELLS;4991.0;1
327800;;;PEARLS;SEASHELLS;9996.0;1
327800;;;BANANAS;SEASHELLS;4993.0;1
328400;;;BANANAS;SEASHELLS;4991.0;1
328600;;;BANANAS;SEASHELLS;4997.0;1
329000;;;BANANAS;SEASHELLS;4997.0;1
329100;;;PEARLS;SEASHELLS;10005.0;10
329300;;;PEARLS;SEASHELLS;9998.0;1
329700;;;PEARLS;SEASHELLS;9998.0;1
329800;;;PEARLS;SEASHELLS;10004.0;3
329800;;;PEARLS;SEASHELLS;10004.0;1
330400;;;BANANAS;SEASHELLS;4993.0;1
330600;;;PEARLS;SEASHELLS;9998.0;2
330600;;;PEARLS;SEASHELLS;9998.0;3
331000;;;BANANAS;SEASHELLS;4994.0;1
331100;;;PEARLS;SEASHELLS;10002.0;1
331200;;;PEARLS;SEASHELLS;10002.0;1
331300;;;BANANAS;SEASHELLS;4992.0;1
331400;;;PEARLS;SEASHELLS;9998.0;1
331700;;;PEARLS;SEASHELLS;9998.0;1
331800;;;BANANAS;SEASHELLS;4992.0;1
331800;;;PEARLS;SEASHELLS;9998.0;1
331800;;;PEARLS;SEASHELLS;10000.0;1
332000;;;BANANAS;SEASHELLS;4995.0;3
332300;;;BANANAS;SEASHELLS;5000.0;20
332500;;;PEARLS;SEASHELLS;10002.0;1
332800;;;BANANAS;SEASHELLS;5000.0;11
333100;;;PEARLS;SEASHELLS;10004.0;2
333100;;;BANANAS;SEASHELLS;4999.0;2
333300;;;BANANAS;SEASHELLS;4993.0;1
333500;;;PEARLS;SEASHELLS;9995.0;9
333900;;;PEARLS;SEASHELLS;10002.0;2
333900;;;BANANAS;SEASHELLS;4997.0;3
334100;;;BANANAS;SEASHELLS;4993.0;1
334300;;;BANANAS;SEASHELLS;4994.0;1
334500;;;BANANAS;SEASHELLS;4993.0;1
334800;;;BANANAS;SEASHELLS;4996.0;2
335000;;;BANANAS;SEASHELLS;4999.0;1
335200;;;BANANAS;SEASHELLS;4996.0;1
335300;;;PEARLS;SEASHELLS;9998.0;1
335400;;;PEARLS;SEASHELLS;10002.0;1
335400;;;BANANAS;SEASHELLS;4999.0;9
335800;;;PEARLS;SEASHELLS;9998.0;1
336000;;;PEARLS;SEASHELLS;9995.0;8
336200;;;PEARLS;SEASHELLS;9998.0;1
336200;;;BANANAS;SEASHELLS;5003.0;1
336400;;;BANANAS;SEASHELLS;5006.0;1
336500;;;PEARLS;SEASHELLS;9998.0;3
336600;;;BANANAS;SEASHELLS;5000.0;17
336600;;;BANANAS;SEASHELLS;5001.0;2
336600;;;PEARLS;SEASHELLS;9996.0;2
336700;;;BANANAS;SEASHELLS;5000.0;1
336800;;;PEARLS;SEASHELLS;9996.0;1
336800;;;PEARLS;SEASHELLS;9996.0;2
336800;;;PEARLS;SEASHELLS;9998.0;1
337100;;;PEARLS;SEASHELLS;9998.0;1
337200;;;BANANAS;SEASHELLS;5001.0;2
337200;;;PEARLS;SEASHELLS;9998.0;2
337200;;;PEARLS;SEASHELLS;9998.0;2
337400;;;BANANAS;SEASHELLS;5002.0;2
337500;;;PEARLS;SEASHELLS;10002.0;5
337600;;;PEARLS;SEASHELLS;9996.0;1
337600;;;BANANAS;SEASHELLS;5001.0;1
337900;;;BANANAS;SEASHELLS;5000.0;1
338300;;;BANANAS;SEASHELLS;5005.0;1
338300;;;PEARLS;SEASHELLS;10004.0;1
338300;;;BANANAS;SEASHELLS;4999.0;1
338600;;;BANANAS;SEASHELLS;5003.0;1
339000;;;PEARLS;SEASHELLS;9998.0;1
339600;;;BANANAS;SEASHELLS;5002.0;1
339900;;;PEARLS;SEASHELLS;9998.0;1
340100;;;BANANAS;SEASHELLS;5002.0;1
340500;;;BANANAS;SEASHELLS;5002.0;1
340700;;;PEARLS;SEASHELLS;9996.0;2
340700;;;PEARLS;SEASHELLS;9996.0;2
340700;;;PEARLS;SEASHELLS;9996.0;8
341000;;;PEARLS;SEASHELLS;10004.0;2
341200;;;PEARLS;SEASHELLS;9996.0;1
341200;;;PEARLS;SEASHELLS;9996.0;1
341300;;;BANANAS;SEASHELLS;5001.0;1
341300;;;PEARLS;SEASHELLS;10002.0;1
341400;;;PEARLS;SEASHELLS;9998.0;1
341400;;;BANANAS;SEASHELLS;4996.0;1
341900;;;PEARLS;SEASHELLS;9998.0;1
342100;;;BANANAS;SEASHELLS;4996.0;1
342300;;;BANANAS;SEASHELLS;4995.0;1
342900;;;BANANAS;SEASHELLS;4998.0;2
342900;;;BANANAS;SEASHELLS;4998.0;2
342900;;;PEARLS;SEASHELLS;10005.0;2
343500;;;BANANAS;SEASHELLS;4997.0;1
343700;;;BANANAS;SEASHELLS;4997.0;1
343700;;;PEARLS;SEASHELLS;10002.0;1
344100;;;PEARLS;SEASHELLS;10002.0;1
344100;;;BANANAS;SEASHELLS;5000.0;1
344200;;;PEARLS;SEASHELLS;9996.0;2
344300;;;PEARLS;SEASHELLS;10002.0;1
344600;;;BANANAS;SEASHELLS;4996.0;2
344800;;;BANANAS;SEASHELLS;5001.0;1
345000;;;BANANAS;SEASHELLS;4995.0;8
345100;;;BANANAS;SEASHELLS;4995.0;1
345400;;;PEARLS;SEASHELLS;9998.0;1
345500;;;PEARLS;SEASHELLS;9998.0;1
345800;;;PEARLS;SEASHELLS;9996.0;1
345800;;;PEARLS;SEASHELLS;9996.0;5
345900;;;BANANAS;SEASHELLS;4996.0;1
346200;;;PEARLS;SEASHELLS;9996.0;6
346200;;;PEARLS;SEASHELLS;9996.0;1
346400;;;PEARLS;SEASHELLS;10002.0;1
346600;;;PEARLS;SEASHELLS;10004.0;1
347100;;;PEARLS;SEASHELLS;9998.0;1
347300;;;BANANAS;SEASHELLS;4996.0;1
347500;;;BANANAS;SEASHELLS;4999.0;2
347500;;;PEARLS;SEASHELLS;10002.0;2
347800;;;BANANAS;SEASHELLS;4993.0;1
348300;;;BANANAS;SEASHELLS;4994.0;2
348600;;;BANANAS;SEASHELLS;5000.0;11
348800;;;BANANAS;SEASHELLS;4994.0;1
349000;;;BANANAS;SEASHELLS;4993.0;1
349100;;;BANANAS;SEASHELLS;4997.0;1
349200;;;BANANAS;SEASHELLS;4993.0;1
349400;;;PEARLS;SEASHELLS;10004.0;6
349400;;;BANANAS;SEASHELLS;4999.0;1
349400;;;PEARLS;SEASHELLS;10004.0;1
349500;;;BANANAS;SEASHELLS;4999.0;1
349600;;;PEARLS;SEASHELLS;9996.0;1
349600;;;BANANAS;SEASHELLS;4993.0;1
349900;;;BANANAS;SEASHELLS;5000.0;1
350100;;;BANANAS;SEASHELLS;4999.0;12
350400;;;PEARLS;SEASHELLS;10002.0;3
350400;;;PEARLS;SEASHELLS;10002.0;3
350400;;;BANANAS;SEASHELLS;4995.0;1
350700;;;PEARLS;SEASHELLS;9998.0;5
350800;;;BANANAS;SEASHELLS;4994.0;2
350800;;;PEARLS;SEASHELLS;9996.0;2
350800;;;BANANAS;SEASHELLS;4995.0;1
350900;;;PEARLS;SEASHELLS;10002.0;1
351000;;;BANANAS;SEASHELLS;4999.0;1
351000;;;PEARLS;SEASHELLS;9998.0;1
351400;;;BANANAS;SEASHELLS;5001.0;2
351400;;;PEARLS;SEASHELLS;10005.0;2
351500;;;BANANAS;SEASHELLS;4994.0;1
351800;;;BANANAS;SEASHELLS;4999.0;2
351800;;;BANANAS;SEASHELLS;4999.0;7
351800;;;PEARLS;SEASHELLS;10004.0;4
351800;;;PEARLS;SEASHELLS;10002.0;2
351800;;;PEARLS;SEASHELLS;10004.0;2
352200;;;PEARLS;SEASHELLS;10002.0;1
352800;;;BANANAS;SEASHELLS;4992.0;1
352900;;;BANANAS;SEASHELLS;4997.0;1
353100;;;BANANAS;SEASHELLS;4992.0;1
353100;;;PEARLS;SEASHELLS;9996.0;1
353200;;;PEARLS;SEASHELLS;10002.0;1
353200;;;PEARLS;SEASHELLS;10002.0;0
353200;;;BANANAS;SEASHELLS;4992.0;20
353200;;;PEARLS;SEASHELLS;10002.0;6
353200;;;PEARLS;SEASHELLS;10002.0;1
353600;;;PEARLS;SEASHELLS;9995.0;2
353600;;;BANANAS;SEASHELLS;4993.0;2
354100;;;BANANAS;SEASHELLS;4998.0;12
354200;;;BANANAS;SEASHELLS;4997.0;1
354200;;;PEARLS;SEASHELLS;10000.0;1
354300;;;BANANAS;SEASHELLS;4998.0;1
354300;;;PEARLS;SEASHELLS;10002.0;3
354700;;;BANANAS;SEASHELLS;4998.0;1
354800;;;BANANAS;SEASHELLS;4994.0;3
355100;;;BANANAS;SEASHELLS;4992.0;2
355100;;;PEARLS;SEASHELLS;9996.0;1
355300;;;BANANAS;SEASHELLS;4997.0;1
355500;;;PEARLS;SEASHELLS;9998.0;1
356100;;;BANANAS;SEASHELLS;4993.0;1
356600;;;PEARLS;SEASHELLS;10004.0;1
356600;;;PEARLS;SEASHELLS;10002.0;1
356600;;;PEARLS;SEASHELLS;10004.0;11
357200;;;BANANAS;SEASHELLS;4990.0;1
357500;;;PEARLS;SEASHELLS;9995.0;5
358000;;;PEARLS;SEASHELLS;9996.0;2
358300;;;BANANAS;SEASHELLS;4988.0;1
358400;;;PEARLS;SEASHELLS;10002.0;7
358500;;;BANANAS;SEASHELLS;4987.0;1
358600;;;PEARLS;SEASHELLS;10002.0;1
358600;;;BANANAS;SEASHELLS;4986.0;1
359200;;;BANANAS;SEASHELLS;4991.0;1
359200;;;BANANAS;SEASHELLS;4991.0;2
359200;;;BANANAS;SEASHELLS;4991.0;0
359200;;;BANANAS;SEASHELLS;4991.0;6
359300;;;PEARLS;SEASHELLS;9995.0;6
359400;;;BANANAS;SEASHELLS;4993.0;8
359600;;;PEARLS;SEASHELLS;10002.0;1
359800;;;BANANAS;SEASHELLS;4987.0;1
359900;;;BANANAS;SEASHELLS;4986.0;1
359900;;;PEARLS;SEASHELLS;9996.0;1
360000;;;PEARLS;SEASHELLS;9998.0;1
360400;;;PEARLS;SEASHELLS;10002.0;1
360600;;;BANANAS;SEASHELLS;4990.0;1
360700;;;BANANAS;SEASHELLS;4990.0;4
360800;;;BANANAS;SEASHELLS;4991.0;8
360900;;;PEARLS;SEASHELLS;9998.0;4
361300;;;PEARLS;SEASHELLS;9996.0;1
361300;;;PEARLS;SEASHELLS;9996.0;1
361300;;;BANANAS;SEASHELLS;4985.0;2
361700;;;BANANAS;SEASHELLS;4990.0;1
362200;;;BANANAS;SEASHELLS;4985.0;2
362500;;;PEARLS;SEASHELLS;10002.0;1
362700;;;PEARLS;SEASHELLS;10002.0;1
362800;;;PEARLS;SEASHELLS;10002.0;5
362900;;;BANANAS;SEASHELLS;4991.0;1
363200;;;PEARLS;SEASHELLS;10004.0;1
363200;;;PEARLS;SEASHELLS;10004.0;1
363300;;;BANANAS;SEASHELLS;4990.0;1
364000;;;PEARLS;SEASHELLS;10002.0;1
364100;;;BANANAS;SEASHELLS;4990.0;1
364600;;;BANANAS;SEASHELLS;4990.0;1
365000;;;BANANAS;SEASHELLS;4986.0;1
365300;;;PEARLS;SEASHELLS;9998.0;5
365300;;;BANANAS;SEASHELLS;4992.0;12
365300;;;BANANAS;SEASHELLS;4991.0;1
365300;;;PEARLS;SEASHELLS;9998.0;1
365500;;;BANANAS;SEASHELLS;4992.0;13
365900;;;BANANAS;SEASHELLS;4992.0;1
365900;;;PEARLS;SEASHELLS;9998.0;5
366100;;;PEARLS;SEASHELLS;9998.0;1
366500;;;PEARLS;SEASHELLS;10002.0;1
366700;;;BANANAS;SEASHELLS;4986.0;1
367000;;;BANANAS;SEASHELLS;4987.0;1
367100;;;BANANAS;SEASHELLS;4987.0;1
367100;;;BANANAS;SEASHELLS;4993.0;16
367200;;;PEARLS;SEASHELLS;10002.0;1
367300;;;BANANAS;SEASHELLS;4986.0;1
367900;;;BANANAS;SEASHELLS;4988.0;1
368000;;;BANANAS;SEASHELLS;4993.0;2
368000;;;PEARLS;SEASHELLS;10005.0;2
368100;;;BANANAS;SEASHELLS;4991.0;1
368100;;;PEARLS;SEASHELLS;10004.0;1
368100;;;PEARLS;SEASHELLS;10002.0;1
368300;;;BANANAS;SEASHELLS;4988.0;3
368700;;;BANANAS;SEASHELLS;4986.0;1
368700;;;PEARLS;SEASHELLS;9998.0;2
368800;;;BANANAS;SEASHELLS;4993.0;1
368800;;;PEARLS;SEASHELLS;10004.0;1
369100;;;PEARLS;SEASHELLS;10004.0;1
369100;;;BANANAS;SEASHELLS;4992.0;1
369300;;;BANANAS;SEASHELLS;4986.0;1
369400;;;BANANAS;SEASHELLS;4986.0;6
369400;;;BANANAS;SEASHELLS;4986.0;2
369700;;;PEARLS;SEASHELLS;10002.0;4
369900;;;BANANAS;SEASHELLS;4991.0;1
370300;;;BANANAS;SEASHELLS;4985.0;13
370600;;;BANANAS;SEASHELLS;4990.0;1
370700;;;PEARLS;SEASHELLS;10002.0;1
370800;;;PEARLS;SEASHELLS;9998.0;1
370900;;;BANANAS;SEASHELLS;4986.0;1
370900;;;PEARLS;SEASHELLS;9996.0;1
370900;;;PEARLS;SEASHELLS;9996.0;1
370900;;;BANANAS;SEASHELLS;4986.0;2
371200;;;PEARLS;SEASHELLS;9998.0;1
371300;;;BANANAS;SEASHELLS;4991.0;1
371400;;;PEARLS;SEASHELLS;9998.0;5
371900;;;PEARLS;SEASHELLS;9998.0;1
372200;;;PEARLS;SEASHELLS;10002.0;5
372600;;;BANANAS;SEASHELLS;4985.0;1
372700;;;BANANAS;SEASHELLS;4992.0;2
372700;;;PEARLS;SEASHELLS;10004.0;2
372900;;;BANANAS;SEASHELLS;4985.0;1
373500;;;BANANAS;SEASHELLS;4984.0;1
373500;;;PEARLS;SEASHELLS;9995.0;1
373800;;;BANANAS;SEASHELLS;4990.0;1
374000;;;PEARLS;SEASHELLS;10002.0;4
374300;;;PEARLS;SEASHELLS;9998.0;1
374300;;;BANANAS;SEASHELLS;4985.0;1
374500;;;BANANAS;SEASHELLS;4984.0;20
374600;;;PEARLS;SEASHELLS;9998.0;1
374700;;;BANANAS;SEASHELLS;4985.0;5
375200;;;BANANAS;SEASHELLS;4984.0;1
375300;;;PEARLS;SEASHELLS;9996.0;1
375400;;;PEARLS;SEASHELLS;10004.0;1
375400;;;BANANAS;SEASHELLS;4984.0;16
375500;;;BANANAS;SEASHELLS;4984.0;1
375900;;;BANANAS;SEASHELLS;4989.0;1
375900;;;PEARLS;SEASHELLS;10002.0;2
376000;;;BANANAS;SEASHELLS;4990.0;1
376100;;;BANANAS;SEASHELLS;4990.0;1
376100;;;PEARLS;SEASHELLS;10002.0;5
376300;;;BANANAS;SEASHELLS;4990.0;2
376300;;;PEARLS;SEASHELLS;10004.0;2
376900;;;BANANAS;SEASHELLS;4988.0;1
376900;;;BANANAS;SEASHELLS;4988.0;11
377400;;;PEARLS;SEASHELLS;9996.0;2
378000;;;BANANAS;SEASHELLS;4984.0;1
378300;;;PEARLS;SEASHELLS;9998.0;1
378700;;;PEARLS;SEASHELLS;10002.0;4
379200;;;BANANAS;SEASHELLS;4982.0;1
379300;;;BANANAS;SEASHELLS;4982.0;1
379400;;;BANANAS;SEASHELLS;4982.0;1
379600;;;BANANAS;SEASHELLS;4987.0;1
379700;;;PEARLS;SEASHELLS;9996.0;1
379700;;;BANANAS;SEASHELLS;4981.0;2
379800;;;PEARLS;SEASHELLS;10002.0;1
379800;;;BANANAS;SEASHELLS;4985.0;1
380400;;;BANANAS;SEASHELLS;4980.0;1
380700;;;BANANAS;SEASHELLS;4985.0;1
381000;;;PEARLS;SEASHELLS;10004.0;2
381000;;;BANANAS;SEASHELLS;4980.0;2
381200;;;PEARLS;SEASHELLS;10004.0;1
381200;;;BANANAS;SEASHELLS;4985.0;1
381200;;;BANANAS;SEASHELLS;4985.0;1
381200;;;PEARLS;SEASHELLS;10002.0;1
381200;;;PEARLS;SEASHELLS;10004.0;1
381500;;;BANANAS;SEASHELLS;4984.0;1
381700;;;PEARLS;SEASHELLS;10002.0;1
382100;;;BANANAS;SEASHELLS;4986.0;10
382200;;;BANANAS;SEASHELLS;4983.0;1
382500;;;BANANAS;SEASHELLS;4977.0;1
382600;;;BANANAS;SEASHELLS;4978.0;1
383200;;;BANANAS;SEASHELLS;4983.0;3
383200;;;BANANAS;SEASHELLS;4983.0;1
383300;;;PEARLS;SEASHELLS;10002.0;1
383300;;;BANANAS;SEASHELLS;4984.0;1
383600;;;PEARLS;SEASHELLS;9996.0;1
383600;;;BANANAS;SEASHELLS;4980.0;1
383800;;;BANANAS;SEASHELLS;4981.0;1
384000;;;PEARLS;SEASHELLS;9996.0;2
384100;;;PEARLS;SEASHELLS;9998.0;3
384200;;;BANANAS;SEASHELLS;4982.0;2
384200;;;PEARLS;SEASHELLS;9996.0;1
384400;;;BANANAS;SEASHELLS;4984.0;2
384500;;;PEARLS;SEASHELLS;10002.0;1
384500;;;BANANAS;SEASHELLS;4987.0;1
384600;;;PEARLS;SEASHELLS;9998.0;1
385400;;;BANANAS;SEASHELLS;4983.0;1
386000;;;PEARLS;SEASHELLS;9998.0;1
386000;;;BANANAS;SEASHELLS;4988.0;1
386500;;;BANANAS;SEASHELLS;4987.0;1
386500;;;PEARLS;SEASHELLS;10002.0;1
386500;;;PEARLS;SEASHELLS;10002.0;3
386600;;;PEARLS;SEASHELLS;9996.0;1
386600;;;BANANAS;SEASHELLS;4982.0;1
387000;;;BANANAS;SEASHELLS;4985.0;3
387300;;;BANANAS;SEASHELLS;4980.0;10
387600;;;BANANAS;SEASHELLS;4981.0;1
387600;;;PEARLS;SEASHELLS;9998.0;1
387700;;;PEARLS;SEASHELLS;9995.0;2
387700;;;BANANAS;SEASHELLS;4981.0;2
387700;;;BANANAS;SEASHELLS;4986.0;1
387900;;;BANANAS;SEASHELLS;4987.0;1
387900;;;PEARLS;SEASHELLS;10005.0;1
389000;;;PEARLS;SEASHELLS;9996.0;2
389000;;;BANANAS;SEASHELLS;4982.0;2
389500;;;BANANAS;SEASHELLS;4981.0;1
389700;;;PEARLS;SEASHELLS;9998.0;1
389800;;;PEARLS;SEASHELLS;9996.0;1
390100;;;BANANAS;SEASHELLS;4987.0;1
390200;;;BANANAS;SEASHELLS;4983.0;1
390400;;;BANANAS;SEASHELLS;4982.0;1
390400;;;BANANAS;SEASHELLS;4982.0;20
390400;;;BANANAS;SEASHELLS;0.0;2
390400;;;PEARLS;SEASHELLS;10002.0;1
390500;;;BANANAS;SEASHELLS;4988.0;1
390700;;;PEARLS;SEASHELLS;10002.0;1
391000;;;BANANAS;SEASHELLS;4988.0;1
391100;;;PEARLS;SEASHELLS;9996.0;2
391100;;;BANANAS;SEASHELLS;4983.0;15
392000;;;BANANAS;SEASHELLS;4984.0;2
392000;;;BANANAS;SEASHELLS;4987.0;1
392100;;;BANANAS;SEASHELLS;4982.0;1
392300;;;PEARLS;SEASHELLS;10005.0;2
392500;;;BANANAS;SEASHELLS;4989.0;8
393000;;;PEARLS;SEASHELLS;9998.0;1
393100;;;PEARLS;SEASHELLS;9998.0;1
393300;;;PEARLS;SEASHELLS;10000.0;1
393300;;;PEARLS;SEASHELLS;9998.0;1
393300;;;BANANAS;SEASHELLS;4980.0;1
393600;;;PEARLS;SEASHELLS;9998.0;1
393800;;;BANANAS;SEASHELLS;4985.0;1
394100;;;BANANAS;SEASHELLS;4986.0;2
394200;;;BANANAS;SEASHELLS;4980.0;18
394500;;;PEARLS;SEASHELLS;9996.0;1
394500;;;BANANAS;SEASHELLS;4979.0;1
394700;;;PEARLS;SEASHELLS;10004.0;1
394700;;;BANANAS;SEASHELLS;4986.0;1
394900;;;PEARLS;SEASHELLS;9998.0;1
396300;;;BANANAS;SEASHELLS;4986.0;7
396600;;;BANANAS;SEASHELLS;4985.0;1
396700;;;BANANAS;SEASHELLS;4980.0;2
396700;;;PEARLS;SEASHELLS;9996.0;2
396800;;;PEARLS;SEASHELLS;10002.0;2
396900;;;BANANAS;SEASHELLS;4984.0;4
397000;;;BANANAS;SEASHELLS;4985.0;1
397100;;;BANANAS;SEASHELLS;4979.0;1
397100;;;BANANAS;SEASHELLS;4979.0;6
397200;;;BANANAS;SEASHELLS;4978.0;1
397200;;;BANANAS;SEASHELLS;4978.0;10
397600;;;BANANAS;SEASHELLS;4978.0;5
397700;;;PEARLS;SEASHELLS;10002.0;1
398000;;;BANANAS;SEASHELLS;4982.0;1
398200;;;BANANAS;SEASHELLS;4984.0;12
398300;;;BANANAS;SEASHELLS;4978.0;1
398500;;;BANANAS;SEASHELLS;4983.0;1
398800;;;BANANAS;SEASHELLS;4978.0;1
399200;;;PEARLS;SEASHELLS;10002.0;3
400000;;;BANANAS;SEASHELLS;4984.0;12
400200;;;BANANAS;SEASHELLS;4978.0;1
400400;;;PEARLS;SEASHELLS;9996.0;1
400400;;;BANANAS;SEASHELLS;4980.0;1
400500;;;PEARLS;SEASHELLS;9998.0;1
400600;;;PEARLS;SEASHELLS;10004.0;1
400600;;;BANANAS;SEASHELLS;4986.0;2
400600;;;PEARLS;SEASHELLS;10004.0;1
400800;;;PEARLS;SEASHELLS;10002.0;5
400800;;;BANANAS;SEASHELLS;4979.0;1
401500;;;PEARLS;SEASHELLS;9998.0;3
401500;;;PEARLS;SEASHELLS;9998.0;8
401600;;;PEARLS;SEASHELLS;9998.0;1
401600;;;BANANAS;SEASHELLS;4987.0;9
402400;;;PEARLS;SEASHELLS;9996.0;2
402500;;;BANANAS;SEASHELLS;4987.0;1
402600;;;BANANAS;SEASHELLS;4982.0;1
402800;;;PEARLS;SEASHELLS;9998.0;1
402900;;;BANANAS;SEASHELLS;4989.0;2
402900;;;BANANAS;SEASHELLS;4989.0;19
402900;;;BANANAS;SEASHELLS;4989.0;6
403200;;;PEARLS;SEASHELLS;10002.0;1
403800;;;BANANAS;SEASHELLS;4982.0;1
403800;;;PEARLS;SEASHELLS;9998.0;1
403900;;;BANANAS;SEASHELLS;4986.0;1
404200;;;PEARLS;SEASHELLS;10002.0;3
404900;;;PEARLS;SEASHELLS;9998.0;2
404900;;;BANANAS;SEASHELLS;4981.0;2
405100;;;BANANAS;SEASHELLS;4980.0;1
405200;;;PEARLS;SEASHELLS;9998.0;3
405900;;;PEARLS;SEASHELLS;9998.0;1
406200;;;PEARLS;SEASHELLS;10002.0;3
406600;;;BANANAS;SEASHELLS;4985.0;2
407500;;;PEARLS;SEASHELLS;9995.0;1
407500;;;PEARLS;SEASHELLS;9998.0;5
407500;;;PEARLS;SEASHELLS;9998.0;1
407500;;;BANANAS;SEASHELLS;4987.0;1
407500;;;BANANAS;SEASHELLS;4986.0;1
407900;;;PEARLS;SEASHELLS;9998.0;1
407900;;;BANANAS;SEASHELLS;4987.0;1
408600;;;PEARLS;SEASHELLS;10002.0;1
409100;;;PEARLS;SEASHELLS;9998.0;1
409200;;;PEARLS;SEASHELLS;9998.0;1
409200;;;BANANAS;SEASHELLS;4983.0;1
410200;;;PEARLS;SEASHELLS;9998.0;1
410600;;;PEARLS;SEASHELLS;10004.0;2
410600;;;PEARLS;SEASHELLS;10004.0;9
410700;;;PEARLS;SEASHELLS;9998.0;1
410800;;;BANANAS;SEASHELLS;4983.0;1
411000;;;BANANAS;SEASHELLS;4984.0;1
411900;;;PEARLS;SEASHELLS;9998.0;1
412000;;;PEARLS;SEASHELLS;10002.0;3
412000;;;PEARLS;SEASHELLS;10002.0;1
412100;;;PEARLS;SEASHELLS;9998.0;1
412600;;;PEARLS;SEASHELLS;9996.0;2
412900;;;PEARLS;SEASHELLS;10004.0;1
413000;;;PEARLS;SEASHELLS;10002.0;5
413100;;;PEARLS;SEASHELLS;10002.0;1
413100;;;PEARLS;SEASHELLS;9995.0;2
413100;;;BANANAS;SEASHELLS;4982.0;2
413300;;;PEARLS;SEASHELLS;10002.0;1
413600;;;BANANAS;SEASHELLS;4982.0;1
413600;;;PEARLS;SEASHELLS;10002.0;2
414000;;;PEARLS;SEASHELLS;10005.0;1
414000;;;PEARLS;SEASHELLS;9998.0;1
414000;;;PEARLS;SEASHELLS;10004.0;2
414000;;;PEARLS;SEASHELLS;10004.0;5
414000;;;BANANAS;SEASHELLS;4987.0;1
414400;;;BANANAS;SEASHELLS;4980.0;1
414900;;;BANANAS;SEASHELLS;4987.0;8
415100;;;BANANAS;SEASHELLS;4986.0;1
415100;;;PEARLS;SEASHELLS;10002.0;3
415100;;;PEARLS;SEASHELLS;10002.0;8
415800;;;PEARLS;SEASHELLS;9995.0;6
416100;;;PEARLS;SEASHELLS;9998.0;3
416100;;;PEARLS;SEASHELLS;9998.0;2
416800;;;BANANAS;SEASHELLS;4989.0;1
416800;;;PEARLS;SEASHELLS;10004.0;1
417200;;;BANANAS;SEASHELLS;4982.0;10
417800;;;PEARLS;SEASHELLS;9998.0;1
417800;;;BANANAS;SEASHELLS;4981.0;1
417800;;;PEARLS;SEASHELLS;9996.0;1
417900;;;PEARLS;SEASHELLS;9998.0;1
418100;;;BANANAS;SEASHELLS;4981.0;1
418200;;;BANANAS;SEASHELLS;4981.0;1
418200;;;BANANAS;SEASHELLS;4985.0;2
418300;;;BANANAS;SEASHELLS;4981.0;1
418300;;;PEARLS;SEASHELLS;10002.0;1
418500;;;PEARLS;SEASHELLS;9998.0;1
418700;;;BANANAS;SEASHELLS;4987.0;2
418700;;;BANANAS;SEASHELLS;4984.0;6
418800;;;BANANAS;SEASHELLS;4988.0;1
419000;;;BANANAS;SEASHELLS;4987.0;1
419400;;;BANANAS;SEASHELLS;4985.0;3
420100;;;BANANAS;SEASHELLS;4989.0;1
420100;;;PEARLS;SEASHELLS;10002.0;1
420200;;;PEARLS;SEASHELLS;10005.0;11
420300;;;PEARLS;SEASHELLS;10002.0;4
420500;;;BANANAS;SEASHELLS;4989.0;1
420600;;;BANANAS;SEASHELLS;4984.0;1
420600;;;PEARLS;SEASHELLS;9996.0;1
421200;;;PEARLS;SEASHELLS;10002.0;1
421500;;;PEARLS;SEASHELLS;9998.0;1
421600;;;BANANAS;SEASHELLS;4990.0;1
421700;;;BANANAS;SEASHELLS;4988.0;3
421800;;;BANANAS;SEASHELLS;4984.0;1
421900;;;PEARLS;SEASHELLS;10002.0;1
422000;;;BANANAS;SEASHELLS;4985.0;1
422100;;;BANANAS;SEASHELLS;4991.0;3
422200;;;BANANAS;SEASHELLS;4985.0;1
422500;;;BANANAS;SEASHELLS;4986.0;2
423200;;;BANANAS;SEASHELLS;4992.0;1
423900;;;BANANAS;SEASHELLS;4994.0;9
424000;;;PEARLS;SEASHELLS;9998.0;5
424300;;;BANANAS;SEASHELLS;4987.0;1
424400;;;PEARLS;SEASHELLS;9998.0;1
424400;;;PEARLS;SEASHELLS;9998.0;9
424600;;;PEARLS;SEASHELLS;10004.0;1
424600;;;BANANAS;SEASHELLS;4992.0;1
424600;;;PEARLS;SEASHELLS;10002.0;1
424700;;;PEARLS;SEASHELLS;10002.0;1
425000;;;PEARLS;SEASHELLS;9996.0;1
425000;;;BANANAS;SEASHELLS;4991.0;1
425000;;;BANANAS;SEASHELLS;4991.0;1
425100;;;BANANAS;SEASHELLS;4991.0;1
425600;;;BANANAS;SEASHELLS;4986.0;2
425600;;;PEARLS;SEASHELLS;10002.0;1
425600;;;PEARLS;SEASHELLS;9995.0;2
425900;;;BANANAS;SEASHELLS;4986.0;1
426300;;;PEARLS;SEASHELLS;9998.0;1
426400;;;PEARLS;SEASHELLS;10002.0;5
426800;;;BANANAS;SEASHELLS;4987.0;1
426800;;;PEARLS;SEASHELLS;9998.0;1
427200;;;PEARLS;SEASHELLS;10002.0;1
427700;;;BANANAS;SEASHELLS;4992.0;9
427700;;;PEARLS;SEASHELLS;9998.0;1
427800;;;PEARLS;SEASHELLS;9996.0;2
427800;;;BANANAS;SEASHELLS;4986.0;2
428100;;;BANANAS;SEASHELLS;4992.0;2
428100;;;PEARLS;SEASHELLS;10004.0;1
428200;;;BANANAS;SEASHELLS;4985.0;1
428300;;;BANANAS;SEASHELLS;4985.0;1
428400;;;BANANAS;SEASHELLS;4985.0;1
428700;;;PEARLS;SEASHELLS;9995.0;11
428900;;;BANANAS;SEASHELLS;4989.0;1
429100;;;PEARLS;SEASHELLS;10002.0;1
429300;;;BANANAS;SEASHELLS;4989.0;1
429800;;;PEARLS;SEASHELLS;9998.0;1
429900;;;BANANAS;SEASHELLS;4987.0;3
430100;;;PEARLS;SEASHELLS;10005.0;3
430300;;;BANANAS;SEASHELLS;4984.0;4
430500;;;PEARLS;SEASHELLS;10002.0;1
431000;;;BANANAS;SEASHELLS;4982.0;1
431100;;;PEARLS;SEASHELLS;10002.0;1
431100;;;PEARLS;SEASHELLS;9998.0;5
431500;;;BANANAS;SEASHELLS;4982.0;1
431900;;;BANANAS;SEASHELLS;4981.0;1
432200;;;BANANAS;SEASHELLS;4982.0;1
432200;;;BANANAS;SEASHELLS;4982.0;12
432300;;;PEARLS;SEASHELLS;10002.0;1
432400;;;BANANAS;SEASHELLS;4983.0;1
432600;;;BANANAS;SEASHELLS;4981.0;14
432700;;;PEARLS;SEASHELLS;9998.0;1
432800;;;PEARLS;SEASHELLS;9998.0;1
432800;;;PEARLS;SEASHELLS;9998.0;1
433100;;;PEARLS;SEASHELLS;10002.0;1
433200;;;BANANAS;SEASHELLS;4987.0;1
433300;;;PEARLS;SEASHELLS;9998.0;1
433400;;;BANANAS;SEASHELLS;4988.0;1
433500;;;PEARLS;SEASHELLS;10002.0;1
433900;;;BANANAS;SEASHELLS;4983.0;5
434000;;;PEARLS;SEASHELLS;9998.0;8
434200;;;BANANAS;SEASHELLS;4983.0;1
434200;;;BANANAS;SEASHELLS;4988.0;11
434500;;;BANANAS;SEASHELLS;4988.0;1
434800;;;BANANAS;SEASHELLS;4985.0;5
434800;;;PEARLS;SEASHELLS;10002.0;1
435200;;;BANANAS;SEASHELLS;4988.0;1
435400;;;PEARLS;SEASHELLS;9995.0;6
435700;;;BANANAS;SEASHELLS;4983.0;3
436300;;;BANANAS;SEASHELLS;4986.0;1
436400;;;BANANAS;SEASHELLS;4986.0;1
436600;;;BANANAS;SEASHELLS;4981.0;1
437200;;;BANANAS;SEASHELLS;4985.0;1
437200;;;PEARLS;SEASHELLS;10004.0;1
437400;;;PEARLS;SEASHELLS;9998.0;2
437900;;;BANANAS;SEASHELLS;4980.0;1
438400;;;BANANAS;SEASHELLS;4987.0;1
438400;;;PEARLS;SEASHELLS;10004.0;1
438800;;;PEARLS;SEASHELLS;10002.0;1
439200;;;BANANAS;SEASHELLS;4988.0;11
439200;;;BANANAS;SEASHELLS;4988.0;1
439300;;;PEARLS;SEASHELLS;9996.0;1
439300;;;BANANAS;SEASHELLS;4982.0;1
439400;;;BANANAS;SEASHELLS;4982.0;1
439500;;;BANANAS;SEASHELLS;4983.0;2
439700;;;PEARLS;SEASHELLS;10002.0;1
439800;;;PEARLS;SEASHELLS;9996.0;1
439800;;;PEARLS;SEASHELLS;9996.0;7
439900;;;PEARLS;SEASHELLS;10002.0;2
440100;;;BANANAS;SEASHELLS;4988.0;1
440300;;;PEARLS;SEASHELLS;10004.0;1
440300;;;BANANAS;SEASHELLS;4987.0;1
440300;;;PEARLS;SEASHELLS;10004.0;4
440600;;;BANANAS;SEASHELLS;4982.0;1
440700;;;BANANAS;SEASHELLS;4987.0;1
440700;;;PEARLS;SEASHELLS;9996.0;2
440900;;;BANANAS;SEASHELLS;4982.0;1
441200;;;BANANAS;SEASHELLS;4983.0;2
441200;;;PEARLS;SEASHELLS;10002.0;1
441200;;;PEARLS;SEASHELLS;10002.0;1
441300;;;BANANAS;SEASHELLS;4990.0;2
441700;;;BANANAS;SEASHELLS;4983.0;4
441700;;;BANANAS;SEASHELLS;4983.0;6
441700;;;BANANAS;SEASHELLS;4983.0;2
441900;;;BANANAS;SEASHELLS;4987.0;3
442100;;;PEARLS;SEASHELLS;10004.0;2
442100;;;BANANAS;SEASHELLS;4983.0;1
442100;;;PEARLS;SEASHELLS;10004.0;3
442100;;;PEARLS;SEASHELLS;10004.0;1
442300;;;BANANAS;SEASHELLS;4987.0;1
442300;;;PEARLS;SEASHELLS;10002.0;1
442400;;;BANANAS;SEASHELLS;4982.0;1
442500;;;PEARLS;SEASHELLS;9998.0;1
442900;;;PEARLS;SEASHELLS;9998.0;1
443000;;;PEARLS;SEASHELLS;10004.0;2
443100;;;PEARLS;SEASHELLS;10002.0;1
443300;;;PEARLS;SEASHELLS;10002.0;3
443500;;;PEARLS;SEASHELLS;10002.0;1
443500;;;BANANAS;SEASHELLS;4983.0;1
444000;;;BANANAS;SEASHELLS;4986.0;1
444100;;;BANANAS;SEASHELLS;4981.0;2
444100;;;PEARLS;SEASHELLS;9996.0;1
444100;;;PEARLS;SEASHELLS;9998.0;1
444100;;;PEARLS;SEASHELLS;9996.0;1
444200;;;PEARLS;SEASHELLS;9998.0;1
444300;;;BANANAS;SEASHELLS;4987.0;2
444400;;;PEARLS;SEASHELLS;10002.0;1
444400;;;BANANAS;SEASHELLS;4981.0;1
444500;;;BANANAS;SEASHELLS;4981.0;1
444500;;;PEARLS;SEASHELLS;9998.0;1
444700;;;PEARLS;SEASHELLS;9998.0;1
444800;;;BANANAS;SEASHELLS;4981.0;7
444900;;;BANANAS;SEASHELLS;4981.0;1
444900;;;PEARLS;SEASHELLS;9998.0;1
445100;;;BANANAS;SEASHELLS;4982.0;2
445300;;;PEARLS;SEASHELLS;9998.0;1
445400;;;BANANAS;SEASHELLS;4981.0;12
445400;;;BANANAS;SEASHELLS;4986.0;1
445600;;;PEARLS;SEASHELLS;9998.0;1
446600;;;PEARLS;SEASHELLS;9998.0;1
447000;;;PEARLS;SEASHELLS;10002.0;1
447400;;;BANANAS;SEASHELLS;4988.0;5
447400;;;PEARLS;SEASHELLS;10002.0;4
447400;;;BANANAS;SEASHELLS;4981.0;1
447700;;;BANANAS;SEASHELLS;4987.0;1
448300;;;BANANAS;SEASHELLS;4986.0;1
448500;;;PEARLS;SEASHELLS;10005.0;2
448500;;;BANANAS;SEASHELLS;4987.0;2
448700;;;PEARLS;SEASHELLS;10002.0;1
448800;;;PEARLS;SEASHELLS;10002.0;5
448800;;;PEARLS;SEASHELLS;10002.0;1
448900;;;BANANAS;SEASHELLS;4981.0;1
449400;;;PEARLS;SEASHELLS;10002.0;3
449400;;;PEARLS;SEASHELLS;10002.0;1
450000;;;BANANAS;SEASHELLS;4984.0;2
450000;;;BANANAS;SEASHELLS;4984.0;1
450100;;;PEARLS;SEASHELLS;9995.0;2
450100;;;BANANAS;SEASHELLS;4983.0;2
450400;;;BANANAS;SEASHELLS;4987.0;1
450400;;;PEARLS;SEASHELLS;10002.0;1
450500;;;BANANAS;SEASHELLS;4983.0;1
450800;;;PEARLS;SEASHELLS;9996.0;2
451000;;;BANANAS;SEASHELLS;4983.0;1
451300;;;PEARLS;SEASHELLS;9998.0;1
451300;;;BANANAS;SEASHELLS;4988.0;1
451500;;;BANANAS;SEASHELLS;4989.0;12
451600;;;PEARLS;SEASHELLS;10002.0;1
451800;;;PEARLS;SEASHELLS;9996.0;7
451800;;;PEARLS;SEASHELLS;9996.0;1
451900;;;PEARLS;SEASHELLS;10004.0;2
451900;;;PEARLS;SEASHELLS;10004.0;9
452200;;;PEARLS;SEASHELLS;9998.0;1
452200;;;PEARLS;SEASHELLS;9998.0;2
452300;;;BANANAS;SEASHELLS;4983.0;1
452500;;;PEARLS;SEASHELLS;9998.0;1
452600;;;BANANAS;SEASHELLS;4984.0;1
453100;;;BANANAS;SEASHELLS;4985.0;2
453200;;;PEARLS;SEASHELLS;9998.0;1
453900;;;PEARLS;SEASHELLS;10002.0;1
454300;;;PEARLS;SEASHELLS;9998.0;1
454500;;;PEARLS;SEASHELLS;9996.0;1
454500;;;BANANAS;SEASHELLS;4983.0;1
454800;;;BANANAS;SEASHELLS;4990.0;2
454800;;;PEARLS;SEASHELLS;10004.0;2
455100;;;BANANAS;SEASHELLS;4985.0;1
455500;;;BANANAS;SEASHELLS;4985.0;1
455600;;;BANANAS;SEASHELLS;4984.0;1
455600;;;PEARLS;SEASHELLS;9996.0;1
455800;;;BANANAS;SEASHELLS;4990.0;2
456000;;;PEARLS;SEASHELLS;10004.0;1
456100;;;BANANAS;SEASHELLS;4983.0;1
456400;;;PEARLS;SEASHELLS;9998.0;1
456700;;;PEARLS;SEASHELLS;10002.0;1
456800;;;BANANAS;SEASHELLS;4987.0;3
456900;;;PEARLS;SEASHELLS;10002.0;4
456900;;;PEARLS;SEASHELLS;10002.0;1
457200;;;BANANAS;SEASHELLS;4985.0;8
458400;;;PEARLS;SEASHELLS;10004.0;6
458400;;;PEARLS;SEASHELLS;10004.0;1
458500;;;PEARLS;SEASHELLS;10002.0;1
458600;;;BANANAS;SEASHELLS;4985.0;1
458800;;;PEARLS;SEASHELLS;10002.0;1
459000;;;PEARLS;SEASHELLS;9998.0;1
459200;;;BANANAS;SEASHELLS;4990.0;1
459300;;;BANANAS;SEASHELLS;4986.0;1
459700;;;PEARLS;SEASHELLS;10002.0;1
460100;;;PEARLS;SEASHELLS;10002.0;3
460500;;;BANANAS;SEASHELLS;4984.0;2
460600;;;BANANAS;SEASHELLS;4985.0;2
461100;;;BANANAS;SEASHELLS;4984.0;1
461300;;;BANANAS;SEASHELLS;4988.0;1
461400;;;PEARLS;SEASHELLS;10002.0;5
461700;;;PEARLS;SEASHELLS;9998.0;2
462100;;;PEARLS;SEASHELLS;9998.0;3
462100;;;PEARLS;SEASHELLS;9998.0;1
462200;;;PEARLS;SEASHELLS;10002.0;1
462300;;;PEARLS;SEASHELLS;10002.0;1
462600;;;BANANAS;SEASHELLS;4984.0;1
463200;;;PEARLS;SEASHELLS;10002.0;1
463700;;;BANANAS;SEASHELLS;4991.0;1
463800;;;BANANAS;SEASHELLS;4992.0;1
463900;;;PEARLS;SEASHELLS;10002.0;1
463900;;;BANANAS;SEASHELLS;4988.0;2
463900;;;PEARLS;SEASHELLS;10005.0;7
464100;;;BANANAS;SEASHELLS;4987.0;1
464100;;;PEARLS;SEASHELLS;9996.0;1
464500;;;BANANAS;SEASHELLS;4987.0;1
464500;;;PEARLS;SEASHELLS;10000.0;1
464700;;;PEARLS;SEASHELLS;10002.0;2
464900;;;PEARLS;SEASHELLS;9998.0;1
465000;;;BANANAS;SEASHELLS;4985.0;1
465000;;;PEARLS;SEASHELLS;10002.0;3
465200;;;BANANAS;SEASHELLS;4991.0;2
465200;;;PEARLS;SEASHELLS;10004.0;2
465300;;;PEARLS;SEASHELLS;10002.0;1
465500;;;PEARLS;SEASHELLS;10004.0;5
465500;;;PEARLS;SEASHELLS;10004.0;1
465500;;;BANANAS;SEASHELLS;4989.0;1
466100;;;PEARLS;SEASHELLS;10002.0;1
466200;;;BANANAS;SEASHELLS;4983.0;2
466200;;;PEARLS;SEASHELLS;9996.0;2
466300;;;BANANAS;SEASHELLS;4984.0;7
466800;;;BANANAS;SEASHELLS;4983.0;1
467100;;;BANANAS;SEASHELLS;4985.0;4
467100;;;BANANAS;SEASHELLS;4988.0;1
467600;;;PEARLS;SEASHELLS;9995.0;10
468000;;;PEARLS;SEASHELLS;9998.0;1
468000;;;BANANAS;SEASHELLS;4981.0;1
468500;;;BANANAS;SEASHELLS;4985.0;1
469100;;;PEARLS;SEASHELLS;10004.0;2
469100;;;BANANAS;SEASHELLS;4986.0;2
469300;;;BANANAS;SEASHELLS;4980.0;5
469400;;;PEARLS;SEASHELLS;9998.0;1
469500;;;BANANAS;SEASHELLS;4986.0;2
469500;;;BANANAS;SEASHELLS;4986.0;2
469600;;;BANANAS;SEASHELLS;4986.0;2
469600;;;BANANAS;SEASHELLS;4985.0;1
469600;;;PEARLS;SEASHELLS;10004.0;2
470100;;;BANANAS;SEASHELLS;4982.0;1
470500;;;BANANAS;SEASHELLS;4987.0;1
470800;;;PEARLS;SEASHELLS;10004.0;1
470800;;;BANANAS;SEASHELLS;4988.0;2
471100;;;PEARLS;SEASHELLS;10002.0;1
471600;;;BANANAS;SEASHELLS;4980.0;1
471600;;;BANANAS;SEASHELLS;4987.0;1
471600;;;PEARLS;SEASHELLS;10004.0;1
471900;;;PEARLS;SEASHELLS;9998.0;4
472000;;;PEARLS;SEASHELLS;9998.0;1
472000;;;BANANAS;SEASHELLS;4980.0;1
472100;;;PEARLS;SEASHELLS;10005.0;2
472100;;;BANANAS;SEASHELLS;4987.0;2
472200;;;PEARLS;SEASHELLS;9998.0;2
472200;;;BANANAS;SEASHELLS;4981.0;4
472400;;;BANANAS;SEASHELLS;4985.0;1
472900;;;BANANAS;SEASHELLS;4985.0;1
472900;;;BANANAS;SEASHELLS;4985.0;2
473400;;;BANANAS;SEASHELLS;4985.0;4
473500;;;BANANAS;SEASHELLS;4986.0;1
473600;;;BANANAS;SEASHELLS;4982.0;3
473600;;;PEARLS;SEASHELLS;10002.0;1
473700;;;BANANAS;SEASHELLS;4981.0;1
474000;;;BANANAS;SEASHELLS;4986.0;1
474100;;;PEARLS;SEASHELLS;10005.0;11
474300;;;BANANAS;SEASHELLS;4981.0;6
474300;;;PEARLS;SEASHELLS;9998.0;1
474300;;;BANANAS;SEASHELLS;4981.0;1
474500;;;BANANAS;SEASHELLS;4986.0;1
474800;;;BANANAS;SEASHELLS;4982.0;2
474900;;;BANANAS;SEASHELLS;4981.0;1
475100;;;BANANAS;SEASHELLS;4982.0;4
475100;;;BANANAS;SEASHELLS;4985.0;1
475300;;;BANANAS;SEASHELLS;4982.0;5
475500;;;BANANAS;SEASHELLS;4985.0;1
476100;;;BANANAS;SEASHELLS;4981.0;1
476200;;;BANANAS;SEASHELLS;4982.0;2
476300;;;BANANAS;SEASHELLS;4981.0;1
476400;;;PEARLS;SEASHELLS;10005.0;2
476800;;;BANANAS;SEASHELLS;4982.0;2
476800;;;BANANAS;SEASHELLS;4982.0;11
477000;;;PEARLS;SEASHELLS;10002.0;5
477000;;;BANANAS;SEASHELLS;4986.0;1
477100;;;BANANAS;SEASHELLS;4981.0;4
477100;;;BANANAS;SEASHELLS;4981.0;1
477500;;;PEARLS;SEASHELLS;9996.0;1
477500;;;PEARLS;SEASHELLS;9998.0;5
477500;;;BANANAS;SEASHELLS;4981.0;2
477500;;;PEARLS;SEASHELLS;9996.0;1
477600;;;PEARLS;SEASHELLS;10002.0;1
477900;;;BANANAS;SEASHELLS;4980.0;2
477900;;;PEARLS;SEASHELLS;10000.0;2
478200;;;BANANAS;SEASHELLS;4985.0;1
478400;;;BANANAS;SEASHELLS;4981.0;1
478500;;;PEARLS;SEASHELLS;10002.0;2
478600;;;PEARLS;SEASHELLS;9998.0;2
478900;;;PEARLS;SEASHELLS;9996.0;1
478900;;;BANANAS;SEASHELLS;4980.0;1
479000;;;PEARLS;SEASHELLS;10002.0;1
479400;;;PEARLS;SEASHELLS;9998.0;1
479600;;;PEARLS;SEASHELLS;9996.0;6
479600;;;PEARLS;SEASHELLS;9996.0;2
479800;;;PEARLS;SEASHELLS;10002.0;5
479800;;;BANANAS;SEASHELLS;4985.0;1
480300;;;BANANAS;SEASHELLS;4979.0;10
480300;;;BANANAS;SEASHELLS;4984.0;1
480700;;;BANANAS;SEASHELLS;4979.0;1
480800;;;BANANAS;SEASHELLS;4986.0;2
481300;;;BANANAS;SEASHELLS;4980.0;1
481700;;;PEARLS;SEASHELLS;9998.0;1
482300;;;BANANAS;SEASHELLS;4980.0;1
482500;;;BANANAS;SEASHELLS;4982.0;2
482500;;;PEARLS;SEASHELLS;9998.0;1
482600;;;PEARLS;SEASHELLS;9998.0;5
482600;;;PEARLS;SEASHELLS;9998.0;2
482700;;;PEARLS;SEASHELLS;10002.0;5
482800;;;BANANAS;SEASHELLS;4984.0;1
482800;;;BANANAS;SEASHELLS;4985.0;1
483000;;;BANANAS;SEASHELLS;4984.0;1
483300;;;BANANAS;SEASHELLS;4985.0;1
483300;;;PEARLS;SEASHELLS;10004.0;1
483500;;;BANANAS;SEASHELLS;4983.0;1
484000;;;BANANAS;SEASHELLS;4983.0;1
484100;;;BANANAS;SEASHELLS;4978.0;1
484400;;;BANANAS;SEASHELLS;4982.0;1
484800;;;PEARLS;SEASHELLS;9996.0;2
484800;;;BANANAS;SEASHELLS;4977.0;2
484900;;;PEARLS;SEASHELLS;9996.0;1
484900;;;BANANAS;SEASHELLS;4977.0;2
485500;;;PEARLS;SEASHELLS;9998.0;1
485500;;;BANANAS;SEASHELLS;4976.0;2
485500;;;PEARLS;SEASHELLS;9996.0;2
485500;;;BANANAS;SEASHELLS;4977.0;5
485900;;;BANANAS;SEASHELLS;4975.0;1
485900;;;PEARLS;SEASHELLS;9996.0;1
486000;;;BANANAS;SEASHELLS;4982.0;12
486200;;;BANANAS;SEASHELLS;4980.0;5
486200;;;BANANAS;SEASHELLS;4980.0;7
486300;;;BANANAS;SEASHELLS;4976.0;8
486700;;;BANANAS;SEASHELLS;4978.0;4
486700;;;BANANAS;SEASHELLS;4974.0;9
486800;;;BANANAS;SEASHELLS;4980.0;1
487000;;;BANANAS;SEASHELLS;4974.0;1
487200;;;PEARLS;SEASHELLS;10004.0;2
487200;;;PEARLS;SEASHELLS;10004.0;1
487300;;;BANANAS;SEASHELLS;4975.0;1
487500;;;PEARLS;SEASHELLS;9996.0;2
487600;;;BANANAS;SEASHELLS;4976.0;1
487700;;;PEARLS;SEASHELLS;9996.0;1
487700;;;PEARLS;SEASHELLS;9996.0;2
487700;;;BANANAS;SEASHELLS;4980.0;1
488200;;;BANANAS;SEASHELLS;4982.0;20
488200;;;PEARLS;SEASHELLS;10002.0;1
488200;;;BANANAS;SEASHELLS;4982.0;2
488200;;;PEARLS;SEASHELLS;10005.0;2
488500;;;BANANAS;SEASHELLS;4978.0;2
488500;;;BANANAS;SEASHELLS;4978.0;1
488500;;;BANANAS;SEASHELLS;4979.0;1
489000;;;BANANAS;SEASHELLS;4975.0;5
489100;;;BANANAS;SEASHELLS;4975.0;9
489800;;;BANANAS;SEASHELLS;4976.0;1
490000;;;PEARLS;SEASHELLS;10002.0;1
490200;;;BANANAS;SEASHELLS;4976.0;2
490400;;;PEARLS;SEASHELLS;9995.0;1
490400;;;BANANAS;SEASHELLS;4974.0;1
490600;;;BANANAS;SEASHELLS;4981.0;7
490800;;;PEARLS;SEASHELLS;10002.0;1
490800;;;PEARLS;SEASHELLS;10002.0;3
491000;;;PEARLS;SEASHELLS;9998.0;1
491000;;;BANANAS;SEASHELLS;4979.0;1
491300;;;PEARLS;SEASHELLS;10002.0;1
492300;;;BANANAS;SEASHELLS;4980.0;1
492400;;;BANANAS;SEASHELLS;4975.0;1
492700;;;BANANAS;SEASHELLS;4979.0;2
492800;;;PEARLS;SEASHELLS;10002.0;2
492800;;;BANANAS;SEASHELLS;4978.0;1
492800;;;BANANAS;SEASHELLS;4978.0;11
492900;;;BANANAS;SEASHELLS;4974.0;1
492900;;;BANANAS;SEASHELLS;4974.0;1
492900;;;PEARLS;SEASHELLS;10004.0;1
493100;;;BANANAS;SEASHELLS;4974.0;1
493200;;;PEARLS;SEASHELLS;9996.0;1
493200;;;BANANAS;SEASHELLS;4973.0;1
493600;;;BANANAS;SEASHELLS;4974.0;4
493700;;;BANANAS;SEASHELLS;4973.0;18
493800;;;PEARLS;SEASHELLS;10002.0;4
493900;;;BANANAS;SEASHELLS;4977.0;1
494100;;;PEARLS;SEASHELLS;9998.0;1
494300;;;PEARLS;SEASHELLS;10005.0;7
494600;;;BANANAS;SEASHELLS;4973.0;12
495100;;;BANANAS;SEASHELLS;4976.0;1
495300;;;BANANAS;SEASHELLS;4971.0;1
495400;;;BANANAS;SEASHELLS;4971.0;1
495500;;;PEARLS;SEASHELLS;10002.0;2
496000;;;BANANAS;SEASHELLS;4970.0;1
496600;;;PEARLS;SEASHELLS;9998.0;3
496600;;;PEARLS;SEASHELLS;9998.0;1
496900;;;PEARLS;SEASHELLS;9998.0;1
496900;;;PEARLS;SEASHELLS;9998.0;5
497900;;;BANANAS;SEASHELLS;4971.0;2
498000;;;PEARLS;SEASHELLS;9998.0;2
498100;;;BANANAS;SEASHELLS;4972.0;1
498600;;;BANANAS;SEASHELLS;4966.0;1
498600;;;BANANAS;SEASHELLS;4972.0;2
498600;;;PEARLS;SEASHELLS;10004.0;2
498800;;;PEARLS;SEASHELLS;10002.0;1
499600;;;BANANAS;SEASHELLS;4969.0;1
499600;;;PEARLS;SEASHELLS;9996.0;2
499600;;;BANANAS;SEASHELLS;4964.0;2
499700;;;BANANAS;SEASHELLS;4969.0;1
499800;;;PEARLS;SEASHELLS;9998.0;1
499800;;;BANANAS;SEASHELLS;4970.0;1
500000;;;PEARLS;SEASHELLS;9996.0;1
500200;;;BANANAS;SEASHELLS;4965.0;1
500200;;;PEARLS;SEASHELLS;10002.0;5
500300;;;BANANAS;SEASHELLS;4971.0;1
500300;;;PEARLS;SEASHELLS;10004.0;1
500700;;;PEARLS;SEASHELLS;10002.0;9
500700;;;BANANAS;SEASHELLS;4964.0;1
500800;;;PEARLS;SEASHELLS;10002.0;1
500900;;;BANANAS;SEASHELLS;4968.0;2
500900;;;PEARLS;SEASHELLS;9996.0;2
500900;;;BANANAS;SEASHELLS;4968.0;2
501100;;;PEARLS;SEASHELLS;9998.0;3
501400;;;BANANAS;SEASHELLS;4965.0;4
501500;;;PEARLS;SEASHELLS;10002.0;2
501600;;;PEARLS;SEASHELLS;10004.0;1
501600;;;BANANAS;SEASHELLS;4971.0;1
501700;;;PEARLS;SEASHELLS;9998.0;1
501800;;;PEARLS;SEASHELLS;9998.0;3
501900;;;PEARLS;SEASHELLS;10002.0;2
501900;;;BANANAS;SEASHELLS;4969.0;2
502100;;;PEARLS;SEASHELLS;9998.0;1
502100;;;PEARLS;SEASHELLS;9998.0;5
502100;;;PEARLS;SEASHELLS;9996.0;2
502300;;;BANANAS;SEASHELLS;4963.0;1
502600;;;BANANAS;SEASHELLS;4967.0;1
502600;;;PEARLS;SEASHELLS;10002.0;1
502700;;;PEARLS;SEASHELLS;10004.0;1
503000;;;PEARLS;SEASHELLS;9996.0;8
503000;;;BANANAS;SEASHELLS;4964.0;1
503000;;;PEARLS;SEASHELLS;9996.0;2
503100;;;PEARLS;SEASHELLS;10002.0;3
503200;;;BANANAS;SEASHELLS;4969.0;10
503300;;;BANANAS;SEASHELLS;4964.0;1
503600;;;PEARLS;SEASHELLS;10002.0;1
503900;;;BANANAS;SEASHELLS;4964.0;1
504100;;;BANANAS;SEASHELLS;4963.0;1
504400;;;BANANAS;SEASHELLS;4963.0;1
504700;;;BANANAS;SEASHELLS;4967.0;1
504900;;;BANANAS;SEASHELLS;4963.0;1
505100;;;BANANAS;SEASHELLS;4963.0;1
505700;;;BANANAS;SEASHELLS;4967.0;7
505800;;;BANANAS;SEASHELLS;4962.0;2
505800;;;PEARLS;SEASHELLS;9996.0;2
506000;;;PEARLS;SEASHELLS;10004.0;1
506000;;;BANANAS;SEASHELLS;4968.0;1
506200;;;PEARLS;SEASHELLS;10002.0;1
506200;;;BANANAS;SEASHELLS;4966.0;1
506200;;;PEARLS;SEASHELLS;10002.0;1
506200;;;BANANAS;SEASHELLS;4966.0;1
506300;;;BANANAS;SEASHELLS;4969.0;1
506300;;;PEARLS;SEASHELLS;10005.0;1
506300;;;BANANAS;SEASHELLS;4962.0;1
506500;;;BANANAS;SEASHELLS;4962.0;2
506800;;;PEARLS;SEASHELLS;9998.0;2
507300;;;PEARLS;SEASHELLS;9998.0;1
507600;;;BANANAS;SEASHELLS;4967.0;1
507700;;;PEARLS;SEASHELLS;9998.0;1
508100;;;PEARLS;SEASHELLS;10005.0;1
508100;;;BANANAS;SEASHELLS;4968.0;1
508300;;;BANANAS;SEASHELLS;4967.0;1
508500;;;PEARLS;SEASHELLS;10002.0;5
508500;;;BANANAS;SEASHELLS;4962.0;1
508600;;;BANANAS;SEASHELLS;4961.0;2
508800;;;BANANAS;SEASHELLS;4963.0;4
508800;;;BANANAS;SEASHELLS;4963.0;2
508800;;;BANANAS;SEASHELLS;4967.0;1
508800;;;PEARLS;SEASHELLS;10002.0;2
509100;;;BANANAS;SEASHELLS;4967.0;1
509500;;;BANANAS;SEASHELLS;4966.0;1
509500;;;PEARLS;SEASHELLS;10002.0;1
509700;;;PEARLS;SEASHELLS;9998.0;5
510800;;;PEARLS;SEASHELLS;10002.0;1
510800;;;PEARLS;SEASHELLS;9998.0;9
511000;;;PEARLS;SEASHELLS;10002.0;1
511100;;;PEARLS;SEASHELLS;9998.0;1
511400;;;PEARLS;SEASHELLS;10002.0;5
511600;;;BANANAS;SEASHELLS;4963.0;1
512200;;;BANANAS;SEASHELLS;4962.0;1
512200;;;PEARLS;SEASHELLS;10002.0;1
512400;;;PEARLS;SEASHELLS;10002.0;1
512500;;;PEARLS;SEASHELLS;10004.0;1
512500;;;BANANAS;SEASHELLS;4967.0;1
512500;;;PEARLS;SEASHELLS;10004.0;4
512700;;;BANANAS;SEASHELLS;4962.0;1
512900;;;BANANAS;SEASHELLS;4963.0;1
513000;;;BANANAS;SEASHELLS;4969.0;1
513100;;;BANANAS;SEASHELLS;4964.0;4
513400;;;BANANAS;SEASHELLS;4970.0;15
513500;;;PEARLS;SEASHELLS;10004.0;1
513500;;;BANANAS;SEASHELLS;4970.0;1
514300;;;PEARLS;SEASHELLS;9996.0;2
514500;;;BANANAS;SEASHELLS;4963.0;13
514500;;;BANANAS;SEASHELLS;4968.0;1
515200;;;PEARLS;SEASHELLS;10002.0;1
516100;;;PEARLS;SEASHELLS;10004.0;2
516100;;;PEARLS;SEASHELLS;10004.0;1
516400;;;PEARLS;SEASHELLS;10004.0;1
516400;;;BANANAS;SEASHELLS;4967.0;1
516600;;;BANANAS;SEASHELLS;4964.0;2
516600;;;PEARLS;SEASHELLS;10002.0;2
516900;;;BANANAS;SEASHELLS;4965.0;18
517100;;;BANANAS;SEASHELLS;4958.0;1
517200;;;PEARLS;SEASHELLS;10004.0;1
517200;;;BANANAS;SEASHELLS;4961.0;1
517200;;;PEARLS;SEASHELLS;10004.0;2
517400;;;PEARLS;SEASHELLS;9995.0;9
517400;;;BANANAS;SEASHELLS;4959.0;1
517600;;;PEARLS;SEASHELLS;9995.0;2
517600;;;BANANAS;SEASHELLS;4958.0;2
517800;;;PEARLS;SEASHELLS;10002.0;1
518100;;;PEARLS;SEASHELLS;10002.0;2
518200;;;BANANAS;SEASHELLS;4958.0;20
518400;;;BANANAS;SEASHELLS;4958.0;4
518500;;;BANANAS;SEASHELLS;4957.0;1
518600;;;BANANAS;SEASHELLS;4958.0;1
518700;;;BANANAS;SEASHELLS;4957.0;1
518700;;;PEARLS;SEASHELLS;9995.0;1
519000;;;PEARLS;SEASHELLS;10004.0;2
519300;;;BANANAS;SEASHELLS;4964.0;1
519800;;;PEARLS;SEASHELLS;10002.0;1
520100;;;PEARLS;SEASHELLS;10005.0;5
520100;;;BANANAS;SEASHELLS;4966.0;1
520200;;;PEARLS;SEASHELLS;10002.0;6
520200;;;PEARLS;SEASHELLS;10002.0;3
520400;;;BANANAS;SEASHELLS;4962.0;1
520500;;;BANANAS;SEASHELLS;4961.0;1
520600;;;BANANAS;SEASHELLS;4966.0;1
520900;;;BANANAS;SEASHELLS;4965.0;12
521200;;;PEARLS;SEASHELLS;9998.0;2
521200;;;BANANAS;SEASHELLS;4962.0;2
521400;;;BANANAS;SEASHELLS;4962.0;2
521400;;;BANANAS;SEASHELLS;4962.0;12
521500;;;BANANAS;SEASHELLS;4967.0;1
521700;;;PEARLS;SEASHELLS;9998.0;1
521800;;;PEARLS;SEASHELLS;9996.0;1
521800;;;PEARLS;SEASHELLS;9996.0;7
522200;;;BANANAS;SEASHELLS;4962.0;3
522300;;;BANANAS;SEASHELLS;4965.0;4
522500;;;PEARLS;SEASHELLS;10002.0;5
522600;;;PEARLS;SEASHELLS;10002.0;1
522700;;;PEARLS;SEASHELLS;9998.0;1
523400;;;PEARLS;SEASHELLS;10002.0;1
523600;;;PEARLS;SEASHELLS;10002.0;1
523700;;;BANANAS;SEASHELLS;4960.0;1
523700;;;PEARLS;SEASHELLS;9996.0;1
523800;;;BANANAS;SEASHELLS;4960.0;1
524400;;;PEARLS;SEASHELLS;9998.0;6
524500;;;PEARLS;SEASHELLS;10005.0;2
524500;;;BANANAS;SEASHELLS;4965.0;2
524900;;;BANANAS;SEASHELLS;4957.0;2
524900;;;PEARLS;SEASHELLS;9995.0;2
525100;;;PEARLS;SEASHELLS;10002.0;1
525300;;;BANANAS;SEASHELLS;4959.0;18
525700;;;PEARLS;SEASHELLS;9996.0;1
525900;;;PEARLS;SEASHELLS;9998.0;3
526200;;;PEARLS;SEASHELLS;10002.0;1
526200;;;BANANAS;SEASHELLS;4965.0;1
526400;;;BANANAS;SEASHELLS;4966.0;1
526400;;;PEARLS;SEASHELLS;9996.0;2
526500;;;BANANAS;SEASHELLS;4966.0;1
526600;;;BANANAS;SEASHELLS;4966.0;1
