timestamp;buyer;seller;symbol;currency;price;quantity
0;;;DIP;SEASHELLS;7020.0;6
0;;;COCONUTS;SEASHELLS;7912.0;57
100;;;PEARLS;SEASHELLS;9998.0;1
200;;;UKULELE;SEASHELLS;20697.0;2
200;;;BERRIES;SEASHELLS;3905.0;10
200;;;BERRIES;SEASHELLS;3912.0;2
300;;;DIP;SEASHELLS;7019.0;10
600;;;BAGUETTE;SEASHELLS;12383.0;5
800;;;BANANAS;SEASHELLS;4798.0;1
800;;;PEARLS;SEASHELLS;9998.0;1
900;;;DIP;SEASHELLS;7019.0;9
1000;;;PEARLS;SEASHELLS;9995.0;7
1100;;;PEARLS;SEASHELLS;10002.0;6
1100;;;DIP;SEASHELLS;7019.0;5
1100;;;PEARLS;SEASHELLS;10002.0;4
1300;;;PEARLS;SEASHELLS;9996.0;1
1300;;;BANANAS;SEASHELLS;4793.0;2
1300;;;BANANAS;SEASHELLS;4794.0;1
1500;;;BANANAS;SEASHELLS;4793.0;1
1700;;;DIVING_GEAR;SEASHELLS;100233.0;2
1700;;;DIVING_GEAR;SEASHELLS;100233.0;2
1700;;;BERRIES;SEASHELLS;3909.0;14
1800;;;BAGUETTE;SEASHELLS;12394.0;7
2000;;;BERRIES;SEASHELLS;3902.0;14
2000;;;DIP;SEASHELLS;7014.0;4
2100;;;BANANAS;SEASHELLS;4797.0;5
2100;;;PICNIC_BASKET;SEASHELLS;73991.0;9
2300;;;BAGUETTE;SEASHELLS;12399.0;10
2500;;;UKULELE;SEASHELLS;20688.0;5
2500;;;DIP;SEASHELLS;7008.0;9
2600;;;PEARLS;SEASHELLS;9996.0;1
2600;;;BANANAS;SEASHELLS;4792.0;1
2700;;;DIP;SEASHELLS;7008.0;5
2900;;;BAGUETTE;SEASHELLS;12396.0;9
3000;;;BANANAS;SEASHELLS;4792.0;1
3100;;;BANANAS;SEASHELLS;4796.0;4
3300;;;UKULELE;SEASHELLS;20687.0;4
3700;;;BANANAS;SEASHELLS;4792.0;1
3700;;;PEARLS;SEASHELLS;9998.0;3
3800;;;BANANAS;SEASHELLS;4799.0;2
3800;;;PEARLS;SEASHELLS;10005.0;2
4100;;;PEARLS;SEASHELLS;10002.0;1
4300;;;BANANAS;SEASHELLS;4792.0;1
4300;;;PEARLS;SEASHELLS;9996.0;1
4500;;;BANANAS;SEASHELLS;4793.0;1
4900;;;BAGUETTE;SEASHELLS;12406.0;5
5000;;;BANANAS;SEASHELLS;4791.0;1
5000;;;BANANAS;SEASHELLS;4791.0;1
5100;;;BERRIES;SEASHELLS;3896.0;14
5100;;;PINA_COLADAS;SEASHELLS;14880.0;4
5300;;;PEARLS;SEASHELLS;9998.0;2
5400;;;BAGUETTE;SEASHELLS;12405.0;4
5500;;;BAGUETTE;SEASHELLS;12403.0;6
5600;;;BERRIES;SEASHELLS;3902.0;10
5700;;;DIP;SEASHELLS;7012.0;7
5700;;;BANANAS;SEASHELLS;4791.0;1
5700;;;BANANAS;SEASHELLS;4791.0;1
5700;;;DIVING_GEAR;SEASHELLS;100277.0;2
5700;;;PEARLS;SEASHELLS;10002.0;1
5900;;;COCONUTS;SEASHELLS;7920.0;5
6200;;;BAGUETTE;SEASHELLS;12412.0;4
6200;;;PINA_COLADAS;SEASHELLS;14884.0;5
6300;;;BANANAS;SEASHELLS;4790.0;1
6300;;;PEARLS;SEASHELLS;9996.0;1
6400;;;BANANAS;SEASHELLS;4790.0;1
6500;;;BANANAS;SEASHELLS;4791.0;3
6500;;;PEARLS;SEASHELLS;10002.0;1
6500;;;BANANAS;SEASHELLS;4791.0;1
6700;;;UKULELE;SEASHELLS;20671.0;4
6700;;;BANANAS;SEASHELLS;4791.0;5
6900;;;PEARLS;SEASHELLS;9998.0;5
7200;;;BERRIES;SEASHELLS;3897.0;10
7500;;;COCONUTS;SEASHELLS;7928.0;6
7600;;;BAGUETTE;SEASHELLS;12397.0;3
7700;;;BAGUETTE;SEASHELLS;12396.0;4
7700;;;PEARLS;SEASHELLS;10002.0;3
7700;;;BANANAS;SEASHELLS;4797.0;1
7800;;;BANANAS;SEASHELLS;4796.0;5
7800;;;UKULELE;SEASHELLS;20679.0;4
8000;;;PEARLS;SEASHELLS;9998.0;1
8000;;;BANANAS;SEASHELLS;4798.0;2
8000;;;PEARLS;SEASHELLS;10004.0;2
8000;;;BANANAS;SEASHELLS;4791.0;1
8100;;;BANANAS;SEASHELLS;4791.0;1
8500;;;DIVING_GEAR;SEASHELLS;100272.0;2
8500;;;COCONUTS;SEASHELLS;7928.0;23
8600;;;BERRIES;SEASHELLS;3900.0;5
8600;;;UKULELE;SEASHELLS;20674.0;2
8800;;;DIP;SEASHELLS;7014.0;4
9100;;;DIVING_GEAR;SEASHELLS;100254.0;3
9100;;;BANANAS;SEASHELLS;4791.0;1
9400;;;PEARLS;SEASHELLS;10004.0;2
9500;;;BANANAS;SEASHELLS;4798.0;19
9600;;;PEARLS;SEASHELLS;9995.0;9
9600;;;BANANAS;SEASHELLS;4793.0;1
9900;;;UKULELE;SEASHELLS;20677.0;1
10100;;;PINA_COLADAS;SEASHELLS;14881.0;29
10100;;;PINA_COLADAS;SEASHELLS;14881.0;3
10200;;;PEARLS;SEASHELLS;10004.0;2
10400;;;PEARLS;SEASHELLS;10002.0;1
10700;;;BERRIES;SEASHELLS;3907.0;5
10700;;;PEARLS;SEASHELLS;9998.0;1
11100;;;BAGUETTE;SEASHELLS;12400.0;7
11400;;;PEARLS;SEASHELLS;9995.0;9
11400;;;BANANAS;SEASHELLS;4793.0;1
11500;;;COCONUTS;SEASHELLS;7933.0;8
11600;;;DIP;SEASHELLS;7027.0;8
11600;;;PEARLS;SEASHELLS;9998.0;1
11700;;;BANANAS;SEASHELLS;4794.0;3
11700;;;PINA_COLADAS;SEASHELLS;14889.0;22
11800;;;PEARLS;SEASHELLS;9998.0;1
11800;;;BAGUETTE;SEASHELLS;12408.0;6
11800;;;BANANAS;SEASHELLS;4791.0;1
12000;;;DIP;SEASHELLS;7025.0;7
12000;;;BANANAS;SEASHELLS;4791.0;2
12000;;;BANANAS;SEASHELLS;4790.0;1
12100;;;PEARLS;SEASHELLS;9998.0;1
12100;;;UKULELE;SEASHELLS;20696.0;1
12200;;;PICNIC_BASKET;SEASHELLS;74065.0;1
12200;;;PEARLS;SEASHELLS;10004.0;1
12200;;;PEARLS;SEASHELLS;10004.0;1
12200;;;BANANAS;SEASHELLS;4796.0;2
12300;;;BANANAS;SEASHELLS;4795.0;1
12400;;;BANANAS;SEASHELLS;4795.0;1
12600;;;PICNIC_BASKET;SEASHELLS;74093.0;1
12600;;;BAGUETTE;SEASHELLS;12409.0;5
12700;;;BANANAS;SEASHELLS;4791.0;1
12900;;;PICNIC_BASKET;SEASHELLS;74100.0;2
13000;;;UKULELE;SEASHELLS;20695.0;5
13300;;;BANANAS;SEASHELLS;4791.0;1
13300;;;PEARLS;SEASHELLS;10002.0;1
13500;;;DIVING_GEAR;SEASHELLS;100219.0;1
13600;;;PINA_COLADAS;SEASHELLS;14900.0;11
13600;;;PEARLS;SEASHELLS;10002.0;1
13700;;;DIVING_GEAR;SEASHELLS;100220.0;2
13700;;;COCONUTS;SEASHELLS;7928.0;27
13700;;;BANANAS;SEASHELLS;4796.0;1
14000;;;PEARLS;SEASHELLS;10002.0;1
14200;;;UKULELE;SEASHELLS;20702.0;2
14300;;;DIVING_GEAR;SEASHELLS;100176.0;1
14400;;;UKULELE;SEASHELLS;20696.0;2
14500;;;DIP;SEASHELLS;7038.0;3
14500;;;PEARLS;SEASHELLS;10004.0;2
14600;;;PEARLS;SEASHELLS;9998.0;1
14600;;;PEARLS;SEASHELLS;9996.0;1
14600;;;PEARLS;SEASHELLS;9996.0;3
14700;;;BANANAS;SEASHELLS;4790.0;2
14700;;;PEARLS;SEASHELLS;9998.0;2
14700;;;PEARLS;SEASHELLS;9998.0;1
15000;;;BANANAS;SEASHELLS;4790.0;1
15000;;;PICNIC_BASKET;SEASHELLS;74140.0;1
15000;;;BERRIES;SEASHELLS;3900.0;4
15000;;;PICNIC_BASKET;SEASHELLS;74140.0;4
15100;;;BAGUETTE;SEASHELLS;12405.0;4
15200;;;DIVING_GEAR;SEASHELLS;100160.0;3
15200;;;DIVING_GEAR;SEASHELLS;100160.0;3
15300;;;PICNIC_BASKET;SEASHELLS;74152.0;4
15300;;;PICNIC_BASKET;SEASHELLS;74152.0;2
15300;;;BANANAS;SEASHELLS;4790.0;16
15400;;;PEARLS;SEASHELLS;9998.0;3
15600;;;PICNIC_BASKET;SEASHELLS;74156.0;1
15700;;;BAGUETTE;SEASHELLS;12402.0;9
15700;;;BANANAS;SEASHELLS;4796.0;17
15900;;;BANANAS;SEASHELLS;4795.0;1
15900;;;PEARLS;SEASHELLS;10004.0;1
16100;;;PINA_COLADAS;SEASHELLS;14894.0;6
16100;;;DIP;SEASHELLS;7042.0;9
16200;;;BANANAS;SEASHELLS;4789.0;1
16200;;;PEARLS;SEASHELLS;9996.0;1
16300;;;BERRIES;SEASHELLS;3907.0;13
16400;;;PICNIC_BASKET;SEASHELLS;74156.0;1
16500;;;DIP;SEASHELLS;7045.0;11
16900;;;BAGUETTE;SEASHELLS;12391.0;6
17000;;;UKULELE;SEASHELLS;20692.0;2
17100;;;BANANAS;SEASHELLS;4789.0;4
17100;;;BANANAS;SEASHELLS;4795.0;2
17100;;;PEARLS;SEASHELLS;10004.0;2
17400;;;BANANAS;SEASHELLS;4794.0;7
17400;;;COCONUTS;SEASHELLS;7928.0;40
17700;;;DIP;SEASHELLS;7046.0;8
17700;;;DIP;SEASHELLS;7047.0;10
17900;;;BAGUETTE;SEASHELLS;12377.0;3
17900;;;BANANAS;SEASHELLS;4794.0;1
17900;;;PEARLS;SEASHELLS;9996.0;1
18000;;;PEARLS;SEASHELLS;9998.0;4
18000;;;BANANAS;SEASHELLS;4790.0;4
18000;;;PEARLS;SEASHELLS;9998.0;2
18000;;;BANANAS;SEASHELLS;4790.0;8
18000;;;DIP;SEASHELLS;7047.0;8
18200;;;BERRIES;SEASHELLS;3908.0;4
18300;;;BANANAS;SEASHELLS;4796.0;1
18300;;;DIP;SEASHELLS;7044.0;8
18400;;;UKULELE;SEASHELLS;20682.0;7
18500;;;PEARLS;SEASHELLS;9996.0;1
18800;;;BERRIES;SEASHELLS;3902.0;12
19100;;;DIP;SEASHELLS;7042.0;5
19200;;;DIP;SEASHELLS;7042.0;3
19200;;;PEARLS;SEASHELLS;10002.0;1
19500;;;BANANAS;SEASHELLS;4791.0;1
20200;;;PICNIC_BASKET;SEASHELLS;74144.0;7
20200;;;PEARLS;SEASHELLS;9998.0;1
20500;;;DIP;SEASHELLS;7040.0;10
20600;;;PEARLS;SEASHELLS;10002.0;1
20600;;;BANANAS;SEASHELLS;4790.0;1
20700;;;DIP;SEASHELLS;7041.0;6
20900;;;PEARLS;SEASHELLS;9998.0;8
21000;;;BERRIES;SEASHELLS;3906.0;11
21100;;;PEARLS;SEASHELLS;9998.0;1
21200;;;BANANAS;SEASHELLS;4797.0;11
21200;;;PEARLS;SEASHELLS;9998.0;1
21300;;;DIP;SEASHELLS;7040.0;5
21400;;;BANANAS;SEASHELLS;4798.0;11
21400;;;PEARLS;SEASHELLS;9998.0;1
21500;;;BANANAS;SEASHELLS;4794.0;1
21500;;;PICNIC_BASKET;SEASHELLS;74204.0;1
21600;;;BERRIES;SEASHELLS;3905.0;3
21600;;;DIVING_GEAR;SEASHELLS;100026.0;3
21700;;;BAGUETTE;SEASHELLS;12370.0;5
21800;;;UKULELE;SEASHELLS;20666.0;5
21800;;;BAGUETTE;SEASHELLS;12367.0;4
22100;;;BAGUETTE;SEASHELLS;12366.0;7
22100;;;PEARLS;SEASHELLS;9998.0;7
22200;;;PEARLS;SEASHELLS;10004.0;1
22300;;;BAGUETTE;SEASHELLS;12362.0;10
22300;;;PEARLS;SEASHELLS;10002.0;1
22400;;;PEARLS;SEASHELLS;10002.0;4
22500;;;PICNIC_BASKET;SEASHELLS;74180.0;6
22600;;;PEARLS;SEASHELLS;10002.0;1
22600;;;BANANAS;SEASHELLS;4795.0;2
22600;;;PEARLS;SEASHELLS;10002.0;4
22700;;;BANANAS;SEASHELLS;4799.0;1
22800;;;BANANAS;SEASHELLS;4794.0;8
22900;;;BANANAS;SEASHELLS;4794.0;12
22900;;;DIP;SEASHELLS;7042.0;9
23000;;;PICNIC_BASKET;SEASHELLS;74171.0;1
23000;;;BERRIES;SEASHELLS;3910.0;13
23000;;;BANANAS;SEASHELLS;4795.0;1
23000;;;BANANAS;SEASHELLS;4795.0;16
23200;;;BANANAS;SEASHELLS;4801.0;11
23200;;;BAGUETTE;SEASHELLS;12363.0;6
23200;;;PEARLS;SEASHELLS;10002.0;2
23500;;;DIVING_GEAR;SEASHELLS;100023.0;2
23500;;;UKULELE;SEASHELLS;20667.0;4
23600;;;BANANAS;SEASHELLS;4794.0;1
23700;;;UKULELE;SEASHELLS;20664.0;3
23800;;;BERRIES;SEASHELLS;3903.0;10
23900;;;DIP;SEASHELLS;7044.0;6
24100;;;PEARLS;SEASHELLS;10004.0;2
24100;;;PEARLS;SEASHELLS;10004.0;7
24200;;;DIP;SEASHELLS;7044.0;5
24400;;;PEARLS;SEASHELLS;9998.0;1
24400;;;BANANAS;SEASHELLS;4799.0;1
24500;;;BANANAS;SEASHELLS;4793.0;1
24600;;;BANANAS;SEASHELLS;4799.0;1
24900;;;PEARLS;SEASHELLS;9998.0;1
25100;;;DIVING_GEAR;SEASHELLS;99969.0;3
25300;;;DIP;SEASHELLS;7041.0;8
25500;;;DIP;SEASHELLS;7042.0;4
25500;;;PEARLS;SEASHELLS;10002.0;2
25500;;;BANANAS;SEASHELLS;4793.0;1
25600;;;UKULELE;SEASHELLS;20667.0;10
25800;;;BANANAS;SEASHELLS;4799.0;1
25800;;;PEARLS;SEASHELLS;10004.0;1
25900;;;PEARLS;SEASHELLS;10004.0;2
25900;;;BANANAS;SEASHELLS;4798.0;1
25900;;;BANANAS;SEASHELLS;4799.0;2
26000;;;BANANAS;SEASHELLS;4793.0;1
26000;;;BANANAS;SEASHELLS;4799.0;1
26000;;;PEARLS;SEASHELLS;10004.0;1
26200;;;PEARLS;SEASHELLS;10002.0;1
26200;;;DIP;SEASHELLS;7038.0;12
26400;;;BAGUETTE;SEASHELLS;12363.0;7
26500;;;DIP;SEASHELLS;7039.0;6
26500;;;DIVING_GEAR;SEASHELLS;99960.0;2
26700;;;BANANAS;SEASHELLS;4796.0;1
26800;;;DIP;SEASHELLS;7038.0;7
26900;;;BERRIES;SEASHELLS;3913.0;6
27000;;;BANANAS;SEASHELLS;4796.0;3
27200;;;PICNIC_BASKET;SEASHELLS;74209.0;2
27300;;;DIP;SEASHELLS;7036.0;8
27400;;;BAGUETTE;SEASHELLS;12358.0;7
27500;;;DIP;SEASHELLS;7039.0;4
27700;;;PEARLS;SEASHELLS;10002.0;5
27900;;;BAGUETTE;SEASHELLS;12367.0;5
27900;;;PEARLS;SEASHELLS;9995.0;5
28000;;;BANANAS;SEASHELLS;4796.0;1
28000;;;BANANAS;SEASHELLS;4802.0;10
28100;;;PEARLS;SEASHELLS;10004.0;1
28100;;;BANANAS;SEASHELLS;4802.0;1
28200;;;COCONUTS;SEASHELLS;7943.0;23
28200;;;PICNIC_BASKET;SEASHELLS;74232.0;2
28600;;;UKULELE;SEASHELLS;20651.0;3
28600;;;PEARLS;SEASHELLS;10002.0;3
28600;;;COCONUTS;SEASHELLS;7943.0;48
28600;;;BANANAS;SEASHELLS;4800.0;1
28700;;;BANANAS;SEASHELLS;4794.0;8
28800;;;PINA_COLADAS;SEASHELLS;14902.0;32
28800;;;PINA_COLADAS;SEASHELLS;14902.0;3
29200;;;BANANAS;SEASHELLS;4799.0;5
29200;;;DIP;SEASHELLS;7030.0;6
29300;;;PICNIC_BASKET;SEASHELLS;74127.0;4
29300;;;PICNIC_BASKET;SEASHELLS;74128.0;1
29400;;;PICNIC_BASKET;SEASHELLS;74130.0;2
29600;;;UKULELE;SEASHELLS;20644.0;2
29800;;;BAGUETTE;SEASHELLS;12352.0;3
29800;;;PEARLS;SEASHELLS;9996.0;1
30200;;;DIVING_GEAR;SEASHELLS;99978.0;2
30200;;;PEARLS;SEASHELLS;9995.0;2
30200;;;BANANAS;SEASHELLS;4793.0;2
30200;;;PEARLS;SEASHELLS;9996.0;1
30400;;;DIP;SEASHELLS;7027.0;9
30500;;;PEARLS;SEASHELLS;10004.0;2
30500;;;BANANAS;SEASHELLS;4794.0;1
30500;;;BANANAS;SEASHELLS;4800.0;2
30600;;;UKULELE;SEASHELLS;20633.0;2
30700;;;BANANAS;SEASHELLS;4799.0;1
30800;;;PEARLS;SEASHELLS;9998.0;4
30800;;;BANANAS;SEASHELLS;4800.0;1
30900;;;UKULELE;SEASHELLS;20637.0;5
30900;;;DIP;SEASHELLS;7027.0;10
31000;;;UKULELE;SEASHELLS;20638.0;1
31100;;;BANANAS;SEASHELLS;4795.0;1
31100;;;PEARLS;SEASHELLS;9998.0;1
31200;;;BANANAS;SEASHELLS;4795.0;2
31400;;;BAGUETTE;SEASHELLS;12360.0;5
31400;;;BANANAS;SEASHELLS;4795.0;1
31400;;;UKULELE;SEASHELLS;20642.0;1
31500;;;BANANAS;SEASHELLS;4800.0;1
31600;;;COCONUTS;SEASHELLS;7952.0;5
31700;;;PEARLS;SEASHELLS;10002.0;1
31800;;;BERRIES;SEASHELLS;3907.0;12
31900;;;BANANAS;SEASHELLS;4801.0;1
31900;;;BAGUETTE;SEASHELLS;12364.0;4
31900;;;PEARLS;SEASHELLS;10004.0;1
31900;;;PINA_COLADAS;SEASHELLS;14907.0;2
32000;;;PEARLS;SEASHELLS;10002.0;1
32200;;;BANANAS;SEASHELLS;4800.0;1
32300;;;UKULELE;SEASHELLS;20635.0;2
32400;;;BANANAS;SEASHELLS;4795.0;1
32500;;;PEARLS;SEASHELLS;10002.0;1
32600;;;BANANAS;SEASHELLS;4794.0;1
32700;;;PEARLS;SEASHELLS;10002.0;2
32800;;;PICNIC_BASKET;SEASHELLS;74121.0;4
32800;;;BAGUETTE;SEASHELLS;12360.0;3
32900;;;PEARLS;SEASHELLS;10004.0;1
32900;;;BANANAS;SEASHELLS;4800.0;1
33000;;;PEARLS;SEASHELLS;10002.0;5
33000;;;PEARLS;SEASHELLS;10002.0;1
33000;;;BANANAS;SEASHELLS;4794.0;2
33000;;;PEARLS;SEASHELLS;10002.0;2
33200;;;BANANAS;SEASHELLS;4799.0;1
33300;;;DIP;SEASHELLS;7031.0;4
33400;;;PEARLS;SEASHELLS;10002.0;3
33400;;;UKULELE;SEASHELLS;20641.0;3
33400;;;DIP;SEASHELLS;7031.0;4
33500;;;BAGUETTE;SEASHELLS;12358.0;3
33500;;;DIVING_GEAR;SEASHELLS;100034.0;1
33600;;;UKULELE;SEASHELLS;20640.0;1
33700;;;BAGUETTE;SEASHELLS;12359.0;6
33800;;;UKULELE;SEASHELLS;20643.0;2
33900;;;BAGUETTE;SEASHELLS;12362.0;8
33900;;;BAGUETTE;SEASHELLS;12361.0;5
34300;;;BANANAS;SEASHELLS;4795.0;1
34300;;;PEARLS;SEASHELLS;9998.0;1
34300;;;BANANAS;SEASHELLS;4794.0;1
34400;;;DIP;SEASHELLS;7035.0;5
34400;;;DIP;SEASHELLS;7035.0;4
34400;;;PINA_COLADAS;SEASHELLS;14911.0;2
34400;;;UKULELE;SEASHELLS;20642.0;4
34400;;;BANANAS;SEASHELLS;4798.0;10
34600;;;PEARLS;SEASHELLS;10004.0;1
34800;;;DIVING_GEAR;SEASHELLS;100029.0;3
34900;;;PEARLS;SEASHELLS;9998.0;3
35000;;;PINA_COLADAS;SEASHELLS;14902.0;3
35000;;;BANANAS;SEASHELLS;4795.0;2
35100;;;PEARLS;SEASHELLS;9995.0;2
35100;;;PICNIC_BASKET;SEASHELLS;74138.0;6
35100;;;BERRIES;SEASHELLS;3911.0;14
35100;;;BANANAS;SEASHELLS;4792.0;2
35100;;;UKULELE;SEASHELLS;20650.0;1
35400;;;BANANAS;SEASHELLS;4792.0;2
35400;;;PEARLS;SEASHELLS;9995.0;2
35500;;;BERRIES;SEASHELLS;3919.0;16
35800;;;BANANAS;SEASHELLS;4797.0;1
36100;;;PEARLS;SEASHELLS;9998.0;1
36100;;;DIP;SEASHELLS;7041.0;4
36200;;;BANANAS;SEASHELLS;4793.0;4
36400;;;PEARLS;SEASHELLS;10004.0;1
36400;;;PEARLS;SEASHELLS;10004.0;10
36500;;;BANANAS;SEASHELLS;4793.0;1
36500;;;DIVING_GEAR;SEASHELLS;99988.0;2
36500;;;BERRIES;SEASHELLS;3918.0;10
36700;;;BAGUETTE;SEASHELLS;12343.0;7
36800;;;DIP;SEASHELLS;7040.0;4
36800;;;DIVING_GEAR;SEASHELLS;99994.0;2
37000;;;UKULELE;SEASHELLS;20642.0;5
37000;;;DIVING_GEAR;SEASHELLS;99991.0;2
37100;;;BANANAS;SEASHELLS;4795.0;1
37100;;;PICNIC_BASKET;SEASHELLS;74082.0;2
37200;;;PEARLS;SEASHELLS;9998.0;1
37400;;;BERRIES;SEASHELLS;3912.0;11
37400;;;DIP;SEASHELLS;7044.0;4
37400;;;BERRIES;SEASHELLS;3914.0;3
37600;;;DIP;SEASHELLS;7044.0;6
37600;;;PINA_COLADAS;SEASHELLS;14906.0;27
37700;;;BANANAS;SEASHELLS;4796.0;1
37800;;;BANANAS;SEASHELLS;4795.0;1
37800;;;UKULELE;SEASHELLS;20657.0;2
37800;;;BAGUETTE;SEASHELLS;12358.0;7
37900;;;BANANAS;SEASHELLS;4795.0;1
38000;;;PEARLS;SEASHELLS;9998.0;4
38100;;;PEARLS;SEASHELLS;10002.0;2
38300;;;BAGUETTE;SEASHELLS;12355.0;7
38400;;;UKULELE;SEASHELLS;20652.0;4
38500;;;PEARLS;SEASHELLS;10002.0;1
38600;;;PICNIC_BASKET;SEASHELLS;74075.0;1
38700;;;PEARLS;SEASHELLS;10002.0;1
38800;;;BAGUETTE;SEASHELLS;12358.0;4
38800;;;BANANAS;SEASHELLS;4789.0;4
39200;;;BANANAS;SEASHELLS;4788.0;1
39500;;;UKULELE;SEASHELLS;20646.0;3
39700;;;BANANAS;SEASHELLS;4788.0;11
39800;;;BANANAS;SEASHELLS;4789.0;1
39800;;;BANANAS;SEASHELLS;4789.0;3
39900;;;PEARLS;SEASHELLS;9998.0;4
40000;;;PEARLS;SEASHELLS;10004.0;1
40000;;;BANANAS;SEASHELLS;4793.0;1
40100;;;PINA_COLADAS;SEASHELLS;14919.0;7
40100;;;PINA_COLADAS;SEASHELLS;14919.0;25
40200;;;BANANAS;SEASHELLS;4791.0;3
40300;;;BANANAS;SEASHELLS;4787.0;4
40400;;;DIP;SEASHELLS;7040.0;6
40500;;;PEARLS;SEASHELLS;9998.0;4
40500;;;DIVING_GEAR;SEASHELLS;99931.0;2
40600;;;BANANAS;SEASHELLS;4787.0;1
40700;;;BERRIES;SEASHELLS;3915.0;7
40700;;;BANANAS;SEASHELLS;4790.0;1
40800;;;DIP;SEASHELLS;7044.0;5
40800;;;BERRIES;SEASHELLS;3908.0;9
40800;;;PEARLS;SEASHELLS;10002.0;8
40800;;;BANANAS;SEASHELLS;4787.0;1
40900;;;BANANAS;SEASHELLS;4789.0;3
40900;;;DIP;SEASHELLS;7043.0;9
41000;;;DIVING_GEAR;SEASHELLS;99905.0;1
41000;;;BANANAS;SEASHELLS;4794.0;13
41000;;;BANANAS;SEASHELLS;4792.0;3
41000;;;COCONUTS;SEASHELLS;7947.0;28
41100;;;DIP;SEASHELLS;7042.0;9
41100;;;BANANAS;SEASHELLS;4793.0;1
41300;;;PEARLS;SEASHELLS;9995.0;6
41300;;;BANANAS;SEASHELLS;4792.0;1
41400;;;DIVING_GEAR;SEASHELLS;99899.0;1
41700;;;PINA_COLADAS;SEASHELLS;14909.0;3
42000;;;COCONUTS;SEASHELLS;7945.0;7
42200;;;BANANAS;SEASHELLS;4787.0;1
42200;;;DIVING_GEAR;SEASHELLS;99901.0;1
42300;;;PEARLS;SEASHELLS;9998.0;1
42400;;;PEARLS;SEASHELLS;9998.0;5
42400;;;UKULELE;SEASHELLS;20649.0;2
42500;;;PICNIC_BASKET;SEASHELLS;74109.0;6
42600;;;UKULELE;SEASHELLS;20650.0;3
42600;;;BANANAS;SEASHELLS;4787.0;1
42600;;;DIP;SEASHELLS;7046.0;8
42700;;;DIP;SEASHELLS;7043.0;4
42700;;;PEARLS;SEASHELLS;10002.0;1
42700;;;BANANAS;SEASHELLS;4792.0;1
42800;;;PEARLS;SEASHELLS;9998.0;1
43100;;;BAGUETTE;SEASHELLS;12361.0;9
43300;;;BAGUETTE;SEASHELLS;12363.0;9
43400;;;PEARLS;SEASHELLS;9996.0;2
43400;;;BANANAS;SEASHELLS;4795.0;2
43400;;;PEARLS;SEASHELLS;9996.0;2
43500;;;BANANAS;SEASHELLS;4796.0;1
43500;;;PEARLS;SEASHELLS;10005.0;1
43500;;;COCONUTS;SEASHELLS;7941.0;47
43600;;;COCONUTS;SEASHELLS;7941.0;77
43600;;;BAGUETTE;SEASHELLS;12364.0;5
43800;;;BANANAS;SEASHELLS;4789.0;1
44000;;;COCONUTS;SEASHELLS;7943.0;9
44000;;;DIVING_GEAR;SEASHELLS;99913.0;3
44400;;;UKULELE;SEASHELLS;20676.0;3
44500;;;PINA_COLADAS;SEASHELLS;14898.0;25
44600;;;DIP;SEASHELLS;7045.0;5
44600;;;BANANAS;SEASHELLS;4796.0;1
44700;;;DIP;SEASHELLS;7044.0;6
44800;;;BERRIES;SEASHELLS;3907.0;10
44800;;;UKULELE;SEASHELLS;20671.0;5
44900;;;BAGUETTE;SEASHELLS;12360.0;5
45000;;;PEARLS;SEASHELLS;9995.0;2
45000;;;BANANAS;SEASHELLS;4791.0;2
45100;;;BAGUETTE;SEASHELLS;12359.0;6
45300;;;DIP;SEASHELLS;7046.0;4
45300;;;BANANAS;SEASHELLS;4798.0;1
45400;;;PEARLS;SEASHELLS;10004.0;2
45400;;;BANANAS;SEASHELLS;4798.0;2
45500;;;PICNIC_BASKET;SEASHELLS;74073.0;2
45500;;;DIP;SEASHELLS;7047.0;6
45600;;;PEARLS;SEASHELLS;10002.0;1
45600;;;BANANAS;SEASHELLS;4797.0;1
45700;;;BERRIES;SEASHELLS;3913.0;6
45900;;;BANANAS;SEASHELLS;4792.0;14
45900;;;PICNIC_BASKET;SEASHELLS;74076.0;6
45900;;;PICNIC_BASKET;SEASHELLS;74077.0;2
46200;;;PEARLS;SEASHELLS;10002.0;1
46200;;;UKULELE;SEASHELLS;20689.0;2
46600;;;BANANAS;SEASHELLS;4796.0;1
46600;;;DIVING_GEAR;SEASHELLS;99978.0;1
46600;;;UKULELE;SEASHELLS;20695.0;4
46700;;;BAGUETTE;SEASHELLS;12368.0;3
47200;;;PEARLS;SEASHELLS;10004.0;1
47300;;;BANANAS;SEASHELLS;4789.0;1
47300;;;PEARLS;SEASHELLS;9998.0;1
47700;;;BANANAS;SEASHELLS;4788.0;6
47800;;;PEARLS;SEASHELLS;10002.0;4
48000;;;PEARLS;SEASHELLS;9998.0;1
48300;;;PEARLS;SEASHELLS;10002.0;1
48300;;;BANANAS;SEASHELLS;4794.0;1
48400;;;BANANAS;SEASHELLS;4794.0;1
48400;;;UKULELE;SEASHELLS;20693.0;2
48600;;;PEARLS;SEASHELLS;10004.0;1
48600;;;PEARLS;SEASHELLS;10004.0;10
48600;;;BANANAS;SEASHELLS;4794.0;1
48600;;;PEARLS;SEASHELLS;10002.0;1
48800;;;BANANAS;SEASHELLS;4793.0;1
49000;;;PEARLS;SEASHELLS;9998.0;1
49000;;;DIP;SEASHELLS;7049.0;9
49100;;;DIP;SEASHELLS;7048.0;9
49100;;;PEARLS;SEASHELLS;10002.0;1
49300;;;PEARLS;SEASHELLS;10002.0;10
49300;;;DIP;SEASHELLS;7048.0;12
49500;;;BANANAS;SEASHELLS;4792.0;8
49600;;;BERRIES;SEASHELLS;3916.0;14
49700;;;BANANAS;SEASHELLS;4788.0;1
49900;;;BANANAS;SEASHELLS;4793.0;1
50000;;;DIVING_GEAR;SEASHELLS;99908.0;1
50200;;;COCONUTS;SEASHELLS;7946.0;6
50200;;;PINA_COLADAS;SEASHELLS;14898.0;5
50400;;;DIP;SEASHELLS;7051.0;7
50800;;;PEARLS;SEASHELLS;10002.0;1
50900;;;PEARLS;SEASHELLS;9996.0;2
50900;;;DIP;SEASHELLS;7050.0;4
50900;;;DIP;SEASHELLS;7050.0;7
50900;;;BANANAS;SEASHELLS;4790.0;5
50900;;;PEARLS;SEASHELLS;9996.0;10
51100;;;UKULELE;SEASHELLS;20693.0;4
51300;;;PEARLS;SEASHELLS;9998.0;3
51300;;;PEARLS;SEASHELLS;9998.0;1
51400;;;PEARLS;SEASHELLS;9998.0;1
51400;;;UKULELE;SEASHELLS;20695.0;2
51600;;;BAGUETTE;SEASHELLS;12341.0;8
51700;;;BAGUETTE;SEASHELLS;12338.0;7
51800;;;BANANAS;SEASHELLS;4791.0;2
51800;;;BAGUETTE;SEASHELLS;12340.0;7
51800;;;BANANAS;SEASHELLS;4797.0;15
51800;;;PEARLS;SEASHELLS;9998.0;2
51900;;;PEARLS;SEASHELLS;10005.0;5
52300;;;BERRIES;SEASHELLS;3912.0;15
52600;;;BANANAS;SEASHELLS;4796.0;1
52700;;;BANANAS;SEASHELLS;4796.0;1
52800;;;PEARLS;SEASHELLS;10004.0;1
52800;;;PINA_COLADAS;SEASHELLS;14920.0;4
52800;;;COCONUTS;SEASHELLS;7951.0;6
52800;;;PEARLS;SEASHELLS;10004.0;2
52900;;;COCONUTS;SEASHELLS;7950.0;9
53000;;;PICNIC_BASKET;SEASHELLS;74028.0;2
53000;;;PEARLS;SEASHELLS;10004.0;2
53100;;;DIP;SEASHELLS;7055.0;4
53100;;;PICNIC_BASKET;SEASHELLS;74006.0;1
53100;;;PEARLS;SEASHELLS;10002.0;1
53900;;;BANANAS;SEASHELLS;4788.0;1
53900;;;DIP;SEASHELLS;7062.0;5
54000;;;UKULELE;SEASHELLS;20684.0;1
54000;;;PEARLS;SEASHELLS;9998.0;4
54200;;;BANANAS;SEASHELLS;4789.0;1
54600;;;BAGUETTE;SEASHELLS;12345.0;7
54700;;;PEARLS;SEASHELLS;10002.0;10
54700;;;PEARLS;SEASHELLS;10002.0;1
54700;;;BANANAS;SEASHELLS;4792.0;4
54800;;;BAGUETTE;SEASHELLS;12343.0;8
55000;;;UKULELE;SEASHELLS;20686.0;4
55300;;;PINA_COLADAS;SEASHELLS;14919.0;13
55400;;;DIP;SEASHELLS;7065.0;5
55500;;;DIP;SEASHELLS;7066.0;9
55600;;;DIP;SEASHELLS;7065.0;8
55800;;;PEARLS;SEASHELLS;10005.0;8
55800;;;PEARLS;SEASHELLS;9998.0;3
55800;;;DIP;SEASHELLS;7070.0;5
55800;;;PEARLS;SEASHELLS;9998.0;1
55900;;;PEARLS;SEASHELLS;10002.0;1
56000;;;UKULELE;SEASHELLS;20673.0;1
56000;;;PEARLS;SEASHELLS;10005.0;8
56100;;;PEARLS;SEASHELLS;9995.0;3
56200;;;BANANAS;SEASHELLS;4797.0;6
56200;;;COCONUTS;SEASHELLS;7950.0;12
56200;;;PICNIC_BASKET;SEASHELLS;74019.0;1
56500;;;PEARLS;SEASHELLS;10002.0;1
56500;;;DIP;SEASHELLS;7070.0;5
56600;;;PINA_COLADAS;SEASHELLS;14916.0;9
56600;;;UKULELE;SEASHELLS;20673.0;1
56700;;;BERRIES;SEASHELLS;3907.0;8
56700;;;BANANAS;SEASHELLS;4790.0;1
56900;;;DIVING_GEAR;SEASHELLS;99875.0;3
57000;;;UKULELE;SEASHELLS;20672.0;2
57000;;;DIP;SEASHELLS;7073.0;4
57000;;;DIP;SEASHELLS;7075.0;8
57200;;;BANANAS;SEASHELLS;4791.0;3
57200;;;DIVING_GEAR;SEASHELLS;99867.0;2
57400;;;BANANAS;SEASHELLS;4797.0;17
57600;;;PEARLS;SEASHELLS;10002.0;1
57600;;;BANANAS;SEASHELLS;4791.0;1
57700;;;PEARLS;SEASHELLS;10002.0;1
58000;;;BANANAS;SEASHELLS;4796.0;1
58200;;;BANANAS;SEASHELLS;4798.0;1
58200;;;PEARLS;SEASHELLS;10004.0;1
58600;;;PEARLS;SEASHELLS;9998.0;1
58600;;;PEARLS;SEASHELLS;9998.0;2
58600;;;DIP;SEASHELLS;7075.0;8
58600;;;COCONUTS;SEASHELLS;7951.0;10
58600;;;COCONUTS;SEASHELLS;7951.0;67
58700;;;BAGUETTE;SEASHELLS;12337.0;8
58800;;;DIVING_GEAR;SEASHELLS;99864.0;2
58800;;;BAGUETTE;SEASHELLS;12337.0;6
59000;;;BAGUETTE;SEASHELLS;12334.0;9
59100;;;PICNIC_BASKET;SEASHELLS;74020.0;7
59300;;;DIP;SEASHELLS;7072.0;10
59600;;;DIP;SEASHELLS;7073.0;6
59600;;;PINA_COLADAS;SEASHELLS;14920.0;7
59900;;;DIP;SEASHELLS;7074.0;7
60000;;;PICNIC_BASKET;SEASHELLS;74068.0;1
60200;;;BANANAS;SEASHELLS;4798.0;12
60300;;;PICNIC_BASKET;SEASHELLS;74045.0;2
60400;;;DIP;SEASHELLS;7075.0;10
60400;;;PINA_COLADAS;SEASHELLS;14916.0;12
60400;;;DIP;SEASHELLS;7073.0;4
60500;;;BANANAS;SEASHELLS;4791.0;1
60500;;;BANANAS;SEASHELLS;4792.0;5
60500;;;PEARLS;SEASHELLS;9996.0;1
60500;;;PICNIC_BASKET;SEASHELLS;74025.0;1
60600;;;DIP;SEASHELLS;7075.0;6
60900;;;PEARLS;SEASHELLS;9998.0;1
60900;;;BANANAS;SEASHELLS;4795.0;1
60900;;;PICNIC_BASKET;SEASHELLS;74032.0;4
61100;;;PICNIC_BASKET;SEASHELLS;74011.0;1
61100;;;DIVING_GEAR;SEASHELLS;99915.0;3
61200;;;BERRIES;SEASHELLS;3901.0;7
61400;;;PEARLS;SEASHELLS;10002.0;2
61400;;;BERRIES;SEASHELLS;3907.0;7
61400;;;BANANAS;SEASHELLS;4792.0;10
61400;;;BANANAS;SEASHELLS;4792.0;1
61500;;;BANANAS;SEASHELLS;4792.0;1
61600;;;BAGUETTE;SEASHELLS;12348.0;7
61600;;;PEARLS;SEASHELLS;10002.0;5
61600;;;BERRIES;SEASHELLS;3908.0;13
61900;;;DIP;SEASHELLS;7074.0;8
62000;;;UKULELE;SEASHELLS;20654.0;5
62100;;;BANANAS;SEASHELLS;4792.0;1
62300;;;PEARLS;SEASHELLS;9996.0;2
62500;;;PEARLS;SEASHELLS;9998.0;4
62500;;;UKULELE;SEASHELLS;20643.0;3
62600;;;COCONUTS;SEASHELLS;7944.0;9
62800;;;BANANAS;SEASHELLS;4796.0;2
62800;;;UKULELE;SEASHELLS;20638.0;2
62800;;;DIP;SEASHELLS;7072.0;7
63200;;;BANANAS;SEASHELLS;4791.0;13
63300;;;BAGUETTE;SEASHELLS;12343.0;5
63400;;;BAGUETTE;SEASHELLS;12346.0;7
63400;;;PINA_COLADAS;SEASHELLS;14896.0;5
63500;;;BANANAS;SEASHELLS;4796.0;14
63500;;;BANANAS;SEASHELLS;4796.0;2
63600;;;BERRIES;SEASHELLS;3901.0;11
63800;;;BAGUETTE;SEASHELLS;12346.0;5
63800;;;UKULELE;SEASHELLS;20631.0;1
63800;;;DIP;SEASHELLS;7075.0;4
63900;;;COCONUTS;SEASHELLS;7949.0;22
63900;;;BANANAS;SEASHELLS;4795.0;1
64000;;;DIP;SEASHELLS;7074.0;10
64100;;;BANANAS;SEASHELLS;4790.0;1
64300;;;PEARLS;SEASHELLS;10002.0;1
64400;;;PEARLS;SEASHELLS;10002.0;1
64400;;;COCONUTS;SEASHELLS;7948.0;77
64400;;;UKULELE;SEASHELLS;20636.0;2
64400;;;DIP;SEASHELLS;7076.0;5
64500;;;BANANAS;SEASHELLS;4790.0;1
64500;;;PEARLS;SEASHELLS;9998.0;1
64700;;;PEARLS;SEASHELLS;10005.0;2
64700;;;BANANAS;SEASHELLS;4796.0;2
64800;;;PICNIC_BASKET;SEASHELLS;74059.0;2
65000;;;PEARLS;SEASHELLS;9998.0;2
65000;;;BANANAS;SEASHELLS;4790.0;2
65100;;;BANANAS;SEASHELLS;4790.0;1
65400;;;BERRIES;SEASHELLS;3908.0;13
65500;;;UKULELE;SEASHELLS;20649.0;2
65700;;;BANANAS;SEASHELLS;4795.0;1
65800;;;UKULELE;SEASHELLS;20648.0;4
65900;;;DIP;SEASHELLS;7078.0;10
66200;;;BANANAS;SEASHELLS;4790.0;1
66200;;;BAGUETTE;SEASHELLS;12328.0;7
66200;;;PEARLS;SEASHELLS;9998.0;2
66200;;;PEARLS;SEASHELLS;9998.0;2
66500;;;COCONUTS;SEASHELLS;7949.0;52
66600;;;DIVING_GEAR;SEASHELLS;99870.0;1
66700;;;BERRIES;SEASHELLS;3900.0;10
66700;;;BANANAS;SEASHELLS;4790.0;1
66700;;;DIVING_GEAR;SEASHELLS;99873.0;3
66800;;;UKULELE;SEASHELLS;20645.0;3
66800;;;BERRIES;SEASHELLS;3903.0;3
66800;;;PEARLS;SEASHELLS;10002.0;1
66900;;;DIVING_GEAR;SEASHELLS;99878.0;3
67000;;;DIVING_GEAR;SEASHELLS;99875.0;3
67100;;;BANANAS;SEASHELLS;4796.0;1
67100;;;UKULELE;SEASHELLS;20645.0;3
67300;;;UKULELE;SEASHELLS;20645.0;1
67400;;;DIP;SEASHELLS;7079.0;8
67900;;;UKULELE;SEASHELLS;20648.0;5
68200;;;DIVING_GEAR;SEASHELLS;99863.0;2
68500;;;PINA_COLADAS;SEASHELLS;14904.0;4
68500;;;UKULELE;SEASHELLS;20636.0;5
68500;;;BANANAS;SEASHELLS;4799.0;12
68600;;;BAGUETTE;SEASHELLS;12339.0;8
68600;;;BANANAS;SEASHELLS;4794.0;1
68600;;;PEARLS;SEASHELLS;10004.0;1
68700;;;BANANAS;SEASHELLS;4797.0;1
68900;;;DIVING_GEAR;SEASHELLS;99804.0;3
68900;;;BANANAS;SEASHELLS;4798.0;13
68900;;;DIP;SEASHELLS;7076.0;10
69400;;;PICNIC_BASKET;SEASHELLS;74090.0;1
69500;;;PEARLS;SEASHELLS;9995.0;11
69700;;;BANANAS;SEASHELLS;4792.0;1
69900;;;UKULELE;SEASHELLS;20634.0;1
70000;;;UKULELE;SEASHELLS;20641.0;7
70100;;;BERRIES;SEASHELLS;3902.0;15
70200;;;PEARLS;SEASHELLS;10004.0;1
70200;;;BANANAS;SEASHELLS;4799.0;1
70300;;;BANANAS;SEASHELLS;4797.0;10
70900;;;UKULELE;SEASHELLS;20633.0;1
71100;;;BANANAS;SEASHELLS;4796.0;1
71200;;;PEARLS;SEASHELLS;9998.0;1
71300;;;PICNIC_BASKET;SEASHELLS;74086.0;1
71300;;;DIP;SEASHELLS;7079.0;6
71500;;;PEARLS;SEASHELLS;10002.0;1
71500;;;BANANAS;SEASHELLS;4792.0;1
71600;;;BANANAS;SEASHELLS;4792.0;1
71900;;;DIVING_GEAR;SEASHELLS;99829.0;2
71900;;;BANANAS;SEASHELLS;4793.0;3
71900;;;PEARLS;SEASHELLS;9998.0;1
72100;;;PINA_COLADAS;SEASHELLS;14918.0;4
72400;;;PICNIC_BASKET;SEASHELLS;74096.0;5
72400;;;PICNIC_BASKET;SEASHELLS;74097.0;1
72600;;;DIVING_GEAR;SEASHELLS;99817.0;1
72700;;;BERRIES;SEASHELLS;3906.0;12
72900;;;BAGUETTE;SEASHELLS;12336.0;5
72900;;;PEARLS;SEASHELLS;9998.0;1
73000;;;BANANAS;SEASHELLS;4797.0;1
73000;;;PEARLS;SEASHELLS;9998.0;1
73100;;;BAGUETTE;SEASHELLS;12338.0;8
73300;;;UKULELE;SEASHELLS;20618.0;4
73300;;;BANANAS;SEASHELLS;4792.0;1
73600;;;DIVING_GEAR;SEASHELLS;99810.0;1
73700;;;BERRIES;SEASHELLS;3907.0;4
73700;;;PEARLS;SEASHELLS;10002.0;1
73800;;;PEARLS;SEASHELLS;10002.0;2
73800;;;BANANAS;SEASHELLS;4795.0;2
74000;;;DIVING_GEAR;SEASHELLS;99799.0;3
74000;;;BAGUETTE;SEASHELLS;12341.0;5
74100;;;BERRIES;SEASHELLS;3907.0;8
74200;;;BANANAS;SEASHELLS;4789.0;1
74300;;;BANANAS;SEASHELLS;4796.0;1
74300;;;PEARLS;SEASHELLS;10005.0;1
74500;;;DIVING_GEAR;SEASHELLS;99806.0;1
74600;;;DIP;SEASHELLS;7083.0;8
74700;;;BANANAS;SEASHELLS;4790.0;7
74700;;;BANANAS;SEASHELLS;4790.0;12
74900;;;BERRIES;SEASHELLS;3900.0;11
74900;;;BAGUETTE;SEASHELLS;12341.0;8
75000;;;PEARLS;SEASHELLS;10002.0;5
75100;;;BANANAS;SEASHELLS;4790.0;1
75100;;;PEARLS;SEASHELLS;9995.0;1
75200;;;DIVING_GEAR;SEASHELLS;99810.0;3
75500;;;BAGUETTE;SEASHELLS;12344.0;7
75700;;;PEARLS;SEASHELLS;9998.0;1
75800;;;BANANAS;SEASHELLS;4794.0;1
75800;;;PEARLS;SEASHELLS;10002.0;1
75900;;;DIVING_GEAR;SEASHELLS;99809.0;1
75900;;;DIP;SEASHELLS;7084.0;5
76100;;;DIVING_GEAR;SEASHELLS;99805.0;1
76100;;;PINA_COLADAS;SEASHELLS;14910.0;3
76300;;;PEARLS;SEASHELLS;9996.0;7
76300;;;PEARLS;SEASHELLS;9996.0;1
76400;;;BERRIES;SEASHELLS;3898.0;15
76500;;;BANANAS;SEASHELLS;4795.0;1
76500;;;PEARLS;SEASHELLS;10002.0;1
76500;;;PEARLS;SEASHELLS;10004.0;1
76500;;;BANANAS;SEASHELLS;4789.0;20
76900;;;UKULELE;SEASHELLS;20600.0;2
77100;;;PEARLS;SEASHELLS;10002.0;1
77200;;;BERRIES;SEASHELLS;3898.0;6
77400;;;BANANAS;SEASHELLS;4787.0;1
77800;;;BANANAS;SEASHELLS;4788.0;3
78000;;;BERRIES;SEASHELLS;3905.0;8
78100;;;BERRIES;SEASHELLS;3904.0;6
78200;;;PEARLS;SEASHELLS;10002.0;1
78200;;;BANANAS;SEASHELLS;4792.0;1
78300;;;BANANAS;SEASHELLS;4791.0;11
78300;;;BANANAS;SEASHELLS;4787.0;1
78400;;;BAGUETTE;SEASHELLS;12326.0;8
78600;;;PEARLS;SEASHELLS;10002.0;1
78700;;;PEARLS;SEASHELLS;9998.0;2
78800;;;PEARLS;SEASHELLS;10002.0;1
78800;;;DIVING_GEAR;SEASHELLS;99825.0;2
79000;;;PEARLS;SEASHELLS;10002.0;1
79200;;;BANANAS;SEASHELLS;4789.0;3
79200;;;BANANAS;SEASHELLS;4792.0;1
79200;;;PEARLS;SEASHELLS;10005.0;2
79200;;;BANANAS;SEASHELLS;4789.0;2
79400;;;UKULELE;SEASHELLS;20618.0;3
79600;;;UKULELE;SEASHELLS;20620.0;5
79700;;;DIVING_GEAR;SEASHELLS;99810.0;3
79700;;;DIP;SEASHELLS;7085.0;5
79900;;;BERRIES;SEASHELLS;3904.0;2
80000;;;UKULELE;SEASHELLS;20630.0;5
80000;;;PEARLS;SEASHELLS;9998.0;2
80100;;;BANANAS;SEASHELLS;4790.0;1
80400;;;BANANAS;SEASHELLS;4785.0;1
80400;;;UKULELE;SEASHELLS;20629.0;3
80700;;;COCONUTS;SEASHELLS;7954.0;5
80800;;;PEARLS;SEASHELLS;9998.0;1
80800;;;DIP;SEASHELLS;7086.0;4
80900;;;BERRIES;SEASHELLS;3897.0;10
81000;;;DIP;SEASHELLS;7083.0;6
81000;;;BANANAS;SEASHELLS;4786.0;1
81100;;;DIVING_GEAR;SEASHELLS;99797.0;1
81200;;;BAGUETTE;SEASHELLS;12315.0;3
81300;;;PINA_COLADAS;SEASHELLS;14908.0;5
81300;;;PINA_COLADAS;SEASHELLS;14909.0;5
81300;;;UKULELE;SEASHELLS;20627.0;3
81500;;;BANANAS;SEASHELLS;4787.0;1
81500;;;PEARLS;SEASHELLS;9995.0;1
81600;;;BANANAS;SEASHELLS;4792.0;1
81600;;;BANANAS;SEASHELLS;4792.0;6
82000;;;DIP;SEASHELLS;7077.0;7
82100;;;UKULELE;SEASHELLS;20630.0;5
82200;;;DIP;SEASHELLS;7077.0;5
82200;;;BANANAS;SEASHELLS;4787.0;2
82200;;;PEARLS;SEASHELLS;9998.0;2
82300;;;BAGUETTE;SEASHELLS;12312.0;4
82600;;;BANANAS;SEASHELLS;4790.0;2
82800;;;DIVING_GEAR;SEASHELLS;99734.0;3
82900;;;PEARLS;SEASHELLS;9996.0;2
83100;;;BANANAS;SEASHELLS;4792.0;6
83200;;;DIP;SEASHELLS;7074.0;6
83200;;;PEARLS;SEASHELLS;10002.0;1
83300;;;BANANAS;SEASHELLS;4795.0;1
83300;;;PEARLS;SEASHELLS;9996.0;2
83300;;;BANANAS;SEASHELLS;4790.0;2
83400;;;PEARLS;SEASHELLS;9995.0;2
83400;;;BANANAS;SEASHELLS;4794.0;2
83500;;;UKULELE;SEASHELLS;20624.0;5
83500;;;BAGUETTE;SEASHELLS;12326.0;4
83600;;;PEARLS;SEASHELLS;10002.0;1
83600;;;BAGUETTE;SEASHELLS;12325.0;6
83600;;;DIP;SEASHELLS;7073.0;6
83800;;;DIVING_GEAR;SEASHELLS;99730.0;3
83900;;;BAGUETTE;SEASHELLS;12328.0;7
84000;;;UKULELE;SEASHELLS;20629.0;1
84000;;;PICNIC_BASKET;SEASHELLS;73965.0;10
84200;;;DIVING_GEAR;SEASHELLS;99746.0;2
84200;;;PEARLS;SEASHELLS;9998.0;1
84300;;;BANANAS;SEASHELLS;4787.0;1
84300;;;PEARLS;SEASHELLS;9996.0;1
84500;;;BERRIES;SEASHELLS;3896.0;4
84500;;;UKULELE;SEASHELLS;20624.0;4
84700;;;UKULELE;SEASHELLS;20626.0;3
85200;;;BANANAS;SEASHELLS;4788.0;1
85300;;;PEARLS;SEASHELLS;9998.0;1
85400;;;COCONUTS;SEASHELLS;7955.0;9
85500;;;BAGUETTE;SEASHELLS;12344.0;3
85700;;;PEARLS;SEASHELLS;10002.0;1
85700;;;BANANAS;SEASHELLS;4793.0;1
85800;;;BERRIES;SEASHELLS;3903.0;10
85800;;;BAGUETTE;SEASHELLS;12344.0;6
85900;;;DIP;SEASHELLS;7067.0;5
85900;;;BANANAS;SEASHELLS;4788.0;1
86200;;;PEARLS;SEASHELLS;9998.0;1
86200;;;BERRIES;SEASHELLS;3904.0;11
86200;;;DIVING_GEAR;SEASHELLS;99711.0;3
86200;;;DIVING_GEAR;SEASHELLS;99710.0;2
86300;;;DIP;SEASHELLS;7064.0;6
86300;;;UKULELE;SEASHELLS;20615.0;1
86400;;;BANANAS;SEASHELLS;4789.0;1
86600;;;BANANAS;SEASHELLS;4795.0;1
86700;;;DIP;SEASHELLS;7067.0;3
86800;;;PEARLS;SEASHELLS;10002.0;1
86800;;;BANANAS;SEASHELLS;4790.0;1
87100;;;DIP;SEASHELLS;7069.0;10
87100;;;BANANAS;SEASHELLS;4790.0;1
87200;;;BANANAS;SEASHELLS;4789.0;2
87200;;;BANANAS;SEASHELLS;4789.0;11
87300;;;PEARLS;SEASHELLS;9998.0;3
87400;;;UKULELE;SEASHELLS;20617.0;1
87400;;;DIP;SEASHELLS;7071.0;8
87700;;;DIVING_GEAR;SEASHELLS;99707.0;3
88100;;;BAGUETTE;SEASHELLS;12348.0;6
88100;;;PICNIC_BASKET;SEASHELLS;74031.0;5
88300;;;BANANAS;SEASHELLS;4793.0;1
88300;;;BANANAS;SEASHELLS;4794.0;1
88500;;;UKULELE;SEASHELLS;20626.0;1
88600;;;UKULELE;SEASHELLS;20627.0;2
88700;;;UKULELE;SEASHELLS;20632.0;1
88700;;;BAGUETTE;SEASHELLS;12360.0;6
88700;;;DIP;SEASHELLS;7067.0;8
88800;;;BANANAS;SEASHELLS;4792.0;2
88800;;;PEARLS;SEASHELLS;9998.0;5
88900;;;BAGUETTE;SEASHELLS;12360.0;8
89000;;;PEARLS;SEASHELLS;10002.0;2
89000;;;PICNIC_BASKET;SEASHELLS;74083.0;6
89000;;;PICNIC_BASKET;SEASHELLS;74083.0;1
89100;;;BANANAS;SEASHELLS;4791.0;2
89200;;;DIP;SEASHELLS;7064.0;10
89400;;;PEARLS;SEASHELLS;10000.0;2
89400;;;BANANAS;SEASHELLS;4793.0;2
89400;;;PEARLS;SEASHELLS;10002.0;1
89500;;;UKULELE;SEASHELLS;20635.0;1
89700;;;UKULELE;SEASHELLS;20635.0;5
89800;;;PINA_COLADAS;SEASHELLS;14902.0;15
89800;;;BAGUETTE;SEASHELLS;12360.0;4
89900;;;DIP;SEASHELLS;7067.0;3
89900;;;PEARLS;SEASHELLS;10002.0;1
90000;;;COCONUTS;SEASHELLS;7958.0;74
90000;;;BANANAS;SEASHELLS;4794.0;1
90000;;;BANANAS;SEASHELLS;4795.0;1
90000;;;PEARLS;SEASHELLS;9998.0;2
90500;;;PEARLS;SEASHELLS;10002.0;1
90700;;;UKULELE;SEASHELLS;20644.0;2
90700;;;BANANAS;SEASHELLS;4791.0;1
90800;;;BANANAS;SEASHELLS;4791.0;1
90800;;;PEARLS;SEASHELLS;10002.0;2
90900;;;PEARLS;SEASHELLS;9998.0;1
91000;;;BAGUETTE;SEASHELLS;12371.0;4
91100;;;PEARLS;SEASHELLS;9996.0;2
91100;;;UKULELE;SEASHELLS;20645.0;2
91100;;;BANANAS;SEASHELLS;4791.0;2
91200;;;BERRIES;SEASHELLS;3895.0;10
91200;;;PICNIC_BASKET;SEASHELLS;74151.0;2
91200;;;PICNIC_BASKET;SEASHELLS;74152.0;2
91600;;;UKULELE;SEASHELLS;20641.0;5
91600;;;PEARLS;SEASHELLS;9998.0;6
91600;;;BAGUETTE;SEASHELLS;12364.0;4
91800;;;BANANAS;SEASHELLS;4790.0;2
91800;;;PEARLS;SEASHELLS;9996.0;1
91800;;;PEARLS;SEASHELLS;9996.0;1
91900;;;PICNIC_BASKET;SEASHELLS;74126.0;1
91900;;;PICNIC_BASKET;SEASHELLS;74125.0;5
92000;;;DIP;SEASHELLS;7071.0;4
92200;;;PEARLS;SEASHELLS;9998.0;1
92300;;;PEARLS;SEASHELLS;9996.0;1
92300;;;PEARLS;SEASHELLS;9996.0;8
92300;;;BAGUETTE;SEASHELLS;12363.0;8
92400;;;COCONUTS;SEASHELLS;7956.0;10
92400;;;PEARLS;SEASHELLS;10005.0;2
92400;;;BANANAS;SEASHELLS;4796.0;4
92400;;;BANANAS;SEASHELLS;4798.0;2
92600;;;UKULELE;SEASHELLS;20641.0;1
92600;;;UKULELE;SEASHELLS;20641.0;4
92800;;;PEARLS;SEASHELLS;10002.0;2
92800;;;UKULELE;SEASHELLS;20645.0;1
93200;;;UKULELE;SEASHELLS;20647.0;3
93300;;;PEARLS;SEASHELLS;9995.0;2
93300;;;UKULELE;SEASHELLS;20646.0;2
93300;;;BANANAS;SEASHELLS;4791.0;2
93400;;;BAGUETTE;SEASHELLS;12367.0;4
93400;;;PICNIC_BASKET;SEASHELLS;74126.0;5
93400;;;BERRIES;SEASHELLS;3903.0;8
93600;;;DIP;SEASHELLS;7071.0;3
93700;;;BERRIES;SEASHELLS;3902.0;10
93700;;;PEARLS;SEASHELLS;9998.0;1
93700;;;BANANAS;SEASHELLS;4792.0;1
93700;;;PEARLS;SEASHELLS;9998.0;3
93900;;;PEARLS;SEASHELLS;9995.0;1
93900;;;BANANAS;SEASHELLS;4792.0;1
93900;;;UKULELE;SEASHELLS;20651.0;4
94200;;;BAGUETTE;SEASHELLS;12360.0;4
94300;;;BAGUETTE;SEASHELLS;12361.0;6
94500;;;DIP;SEASHELLS;7073.0;8
94600;;;BANANAS;SEASHELLS;4797.0;1
94600;;;BANANAS;SEASHELLS;4796.0;2
94600;;;PEARLS;SEASHELLS;9998.0;6
94600;;;DIP;SEASHELLS;7071.0;4
94800;;;DIP;SEASHELLS;7070.0;10
95000;;;DIP;SEASHELLS;7072.0;10
95000;;;PICNIC_BASKET;SEASHELLS;74109.0;9
95000;;;BANANAS;SEASHELLS;4799.0;1
95200;;;BAGUETTE;SEASHELLS;12366.0;5
95400;;;UKULELE;SEASHELLS;20643.0;4
95500;;;DIVING_GEAR;SEASHELLS;99686.0;3
95600;;;BERRIES;SEASHELLS;3899.0;2
95700;;;BERRIES;SEASHELLS;3904.0;10
96100;;;BANANAS;SEASHELLS;4799.0;5
96200;;;BANANAS;SEASHELLS;4795.0;1
96300;;;BERRIES;SEASHELLS;3903.0;1
96900;;;BANANAS;SEASHELLS;4800.0;1
96900;;;DIVING_GEAR;SEASHELLS;99703.0;3
97100;;;BANANAS;SEASHELLS;4795.0;12
97100;;;BANANAS;SEASHELLS;4795.0;2
97100;;;PICNIC_BASKET;SEASHELLS;74112.0;5
97500;;;DIP;SEASHELLS;7068.0;10
97600;;;PEARLS;SEASHELLS;9998.0;1
97600;;;UKULELE;SEASHELLS;20642.0;4
97700;;;BANANAS;SEASHELLS;4796.0;1
97700;;;PEARLS;SEASHELLS;10005.0;1
97700;;;BANANAS;SEASHELLS;4802.0;1
97700;;;COCONUTS;SEASHELLS;7949.0;29
97800;;;UKULELE;SEASHELLS;20642.0;1
98000;;;BAGUETTE;SEASHELLS;12370.0;8
98100;;;COCONUTS;SEASHELLS;7949.0;1
98100;;;COCONUTS;SEASHELLS;7949.0;46
98100;;;UKULELE;SEASHELLS;20640.0;7
98300;;;BANANAS;SEASHELLS;4797.0;1
98300;;;BANANAS;SEASHELLS;4797.0;1
98600;;;DIP;SEASHELLS;7070.0;10
98700;;;BANANAS;SEASHELLS;4796.0;2
98700;;;PEARLS;SEASHELLS;9996.0;1
98700;;;PEARLS;SEASHELLS;9996.0;1
98700;;;BAGUETTE;SEASHELLS;12377.0;6
98800;;;DIVING_GEAR;SEASHELLS;99691.0;1
98800;;;PINA_COLADAS;SEASHELLS;14895.0;3
98800;;;BAGUETTE;SEASHELLS;12378.0;4
98900;;;BANANAS;SEASHELLS;4801.0;1
98900;;;PEARLS;SEASHELLS;9998.0;1
99100;;;PEARLS;SEASHELLS;9996.0;1
99100;;;BANANAS;SEASHELLS;4796.0;1
99200;;;PINA_COLADAS;SEASHELLS;14890.0;21
99300;;;DIVING_GEAR;SEASHELLS;99729.0;2
99500;;;UKULELE;SEASHELLS;20650.0;2
99500;;;DIP;SEASHELLS;7073.0;8
99900;;;PEARLS;SEASHELLS;9998.0;1
100000;;;DIVING_GEAR;SEASHELLS;99733.0;2
100000;;;PEARLS;SEASHELLS;9998.0;1
100100;;;BANANAS;SEASHELLS;4802.0;1
100100;;;PEARLS;SEASHELLS;10004.0;1
100300;;;PEARLS;SEASHELLS;9998.0;1
100600;;;DIVING_GEAR;SEASHELLS;99739.0;1
100600;;;BAGUETTE;SEASHELLS;12383.0;5
100700;;;BAGUETTE;SEASHELLS;12383.0;4
100800;;;PEARLS;SEASHELLS;10002.0;5
100800;;;DIP;SEASHELLS;7080.0;5
100800;;;DIVING_GEAR;SEASHELLS;99732.0;2
100800;;;PEARLS;SEASHELLS;10002.0;3
101000;;;BERRIES;SEASHELLS;3896.0;9
101100;;;BANANAS;SEASHELLS;4796.0;2
101100;;;PEARLS;SEASHELLS;9996.0;2
101300;;;BANANAS;SEASHELLS;4796.0;1
101500;;;PINA_COLADAS;SEASHELLS;14897.0;3
101500;;;UKULELE;SEASHELLS;20656.0;4
102000;;;BANANAS;SEASHELLS;4801.0;12
102000;;;PICNIC_BASKET;SEASHELLS;74099.0;4
102000;;;PICNIC_BASKET;SEASHELLS;74100.0;1
102000;;;BANANAS;SEASHELLS;4796.0;1
102000;;;PEARLS;SEASHELLS;10002.0;1
102300;;;PEARLS;SEASHELLS;9996.0;1
102300;;;BERRIES;SEASHELLS;3902.0;5
102400;;;PICNIC_BASKET;SEASHELLS;74140.0;2
102400;;;DIP;SEASHELLS;7083.0;3
102800;;;UKULELE;SEASHELLS;20665.0;3
102800;;;DIVING_GEAR;SEASHELLS;99696.0;3
102800;;;DIVING_GEAR;SEASHELLS;99696.0;2
102800;;;BERRIES;SEASHELLS;3902.0;11
102900;;;PEARLS;SEASHELLS;9998.0;2
102900;;;PEARLS;SEASHELLS;9998.0;3
103000;;;BAGUETTE;SEASHELLS;12377.0;7
103000;;;UKULELE;SEASHELLS;20666.0;2
103000;;;PINA_COLADAS;SEASHELLS;14894.0;4
103000;;;DIVING_GEAR;SEASHELLS;99700.0;2
103100;;;BAGUETTE;SEASHELLS;12374.0;9
103300;;;BANANAS;SEASHELLS;4801.0;3
103600;;;UKULELE;SEASHELLS;20668.0;4
103900;;;BANANAS;SEASHELLS;4802.0;1
103900;;;COCONUTS;SEASHELLS;7944.0;15
103900;;;PEARLS;SEASHELLS;10005.0;1
104100;;;PEARLS;SEASHELLS;9998.0;1
104100;;;BANANAS;SEASHELLS;4797.0;5
104300;;;DIP;SEASHELLS;7083.0;8
104400;;;DIP;SEASHELLS;7083.0;4
104600;;;UKULELE;SEASHELLS;20673.0;4
104700;;;BANANAS;SEASHELLS;4796.0;1
104800;;;DIP;SEASHELLS;7085.0;4
104800;;;DIVING_GEAR;SEASHELLS;99695.0;3
104800;;;PEARLS;SEASHELLS;10002.0;1
105000;;;BANANAS;SEASHELLS;4798.0;12
105000;;;BERRIES;SEASHELLS;3894.0;13
105000;;;UKULELE;SEASHELLS;20662.0;4
105300;;;PEARLS;SEASHELLS;10004.0;2
105300;;;BANANAS;SEASHELLS;4802.0;2
105300;;;COCONUTS;SEASHELLS;7952.0;55
105400;;;DIVING_GEAR;SEASHELLS;99683.0;3
105500;;;DIVING_GEAR;SEASHELLS;99683.0;2
105500;;;UKULELE;SEASHELLS;20661.0;1
105500;;;DIP;SEASHELLS;7083.0;6
105600;;;BANANAS;SEASHELLS;4795.0;1
105700;;;PEARLS;SEASHELLS;9996.0;6
105700;;;PEARLS;SEASHELLS;9996.0;2
105800;;;PEARLS;SEASHELLS;10004.0;1
105800;;;BANANAS;SEASHELLS;4800.0;1
106100;;;DIP;SEASHELLS;7087.0;10
106100;;;BERRIES;SEASHELLS;3895.0;10
106300;;;BANANAS;SEASHELLS;4794.0;1
106300;;;COCONUTS;SEASHELLS;7956.0;28
106300;;;DIVING_GEAR;SEASHELLS;99691.0;2
106400;;;UKULELE;SEASHELLS;20661.0;5
106500;;;BANANAS;SEASHELLS;4793.0;2
106700;;;COCONUTS;SEASHELLS;7959.0;10
106800;;;BANANAS;SEASHELLS;4794.0;12
106800;;;COCONUTS;SEASHELLS;7958.0;25
106900;;;PINA_COLADAS;SEASHELLS;14909.0;3
106900;;;UKULELE;SEASHELLS;20651.0;5
107000;;;BANANAS;SEASHELLS;4794.0;1
107000;;;BAGUETTE;SEASHELLS;12391.0;8
107400;;;BANANAS;SEASHELLS;4795.0;1
107600;;;BAGUETTE;SEASHELLS;12395.0;6
107700;;;BANANAS;SEASHELLS;4799.0;1
107700;;;PINA_COLADAS;SEASHELLS;14897.0;6
107800;;;BANANAS;SEASHELLS;4801.0;2
107900;;;DIP;SEASHELLS;7077.0;8
108000;;;DIP;SEASHELLS;7075.0;4
108000;;;PEARLS;SEASHELLS;9998.0;2
108000;;;BANANAS;SEASHELLS;4800.0;1
108000;;;PEARLS;SEASHELLS;9998.0;3
108200;;;BANANAS;SEASHELLS;4796.0;1
108400;;;BAGUETTE;SEASHELLS;12384.0;4
108500;;;COCONUTS;SEASHELLS;7948.0;6
108600;;;DIP;SEASHELLS;7078.0;6
108900;;;PEARLS;SEASHELLS;9998.0;2
109000;;;BAGUETTE;SEASHELLS;12384.0;3
109000;;;BANANAS;SEASHELLS;4801.0;1
109300;;;BANANAS;SEASHELLS;4801.0;1
109300;;;UKULELE;SEASHELLS;20656.0;10
109300;;;PEARLS;SEASHELLS;10002.0;5
109400;;;BAGUETTE;SEASHELLS;12384.0;4
109400;;;DIP;SEASHELLS;7081.0;8
109400;;;DIVING_GEAR;SEASHELLS;99690.0;1
109500;;;PEARLS;SEASHELLS;10002.0;1
109500;;;UKULELE;SEASHELLS;20662.0;1
109600;;;BAGUETTE;SEASHELLS;12387.0;6
109700;;;PEARLS;SEASHELLS;10004.0;1
109700;;;PEARLS;SEASHELLS;10004.0;2
109700;;;BANANAS;SEASHELLS;4803.0;9
109700;;;BANANAS;SEASHELLS;4803.0;2
109800;;;UKULELE;SEASHELLS;20657.0;3
110100;;;BANANAS;SEASHELLS;4802.0;1
110100;;;PICNIC_BASKET;SEASHELLS;74025.0;1
110200;;;COCONUTS;SEASHELLS;7948.0;50
110200;;;PEARLS;SEASHELLS;10002.0;5
110200;;;COCONUTS;SEASHELLS;7948.0;19
110200;;;BANANAS;SEASHELLS;4800.0;7
110300;;;PEARLS;SEASHELLS;10002.0;1
110400;;;PICNIC_BASKET;SEASHELLS;74007.0;1
110800;;;UKULELE;SEASHELLS;20659.0;3
110800;;;DIVING_GEAR;SEASHELLS;99678.0;1
110900;;;BAGUETTE;SEASHELLS;12388.0;7
111200;;;PEARLS;SEASHELLS;9998.0;1
111300;;;BANANAS;SEASHELLS;4797.0;1
111300;;;UKULELE;SEASHELLS;20661.0;5
111300;;;BANANAS;SEASHELLS;4797.0;1
111300;;;PEARLS;SEASHELLS;10002.0;1
111400;;;PICNIC_BASKET;SEASHELLS;74009.0;2
111400;;;BANANAS;SEASHELLS;4793.0;1
111500;;;BANANAS;SEASHELLS;4798.0;1
111500;;;PEARLS;SEASHELLS;10005.0;5
111500;;;BERRIES;SEASHELLS;3898.0;1
111600;;;BAGUETTE;SEASHELLS;12381.0;7
111800;;;DIP;SEASHELLS;7086.0;5
111800;;;COCONUTS;SEASHELLS;7948.0;28
112100;;;PEARLS;SEASHELLS;9998.0;1
112100;;;BANANAS;SEASHELLS;4792.0;1
112200;;;BANANAS;SEASHELLS;4792.0;6
112400;;;UKULELE;SEASHELLS;20668.0;4
112400;;;PICNIC_BASKET;SEASHELLS;74027.0;1
112700;;;BAGUETTE;SEASHELLS;12384.0;6
112700;;;DIVING_GEAR;SEASHELLS;99693.0;1
112800;;;PEARLS;SEASHELLS;9998.0;1
112800;;;BERRIES;SEASHELLS;3896.0;1
112900;;;DIP;SEASHELLS;7087.0;9
113000;;;BANANAS;SEASHELLS;4800.0;7
113100;;;PEARLS;SEASHELLS;9998.0;1
113200;;;DIP;SEASHELLS;7088.0;8
113300;;;UKULELE;SEASHELLS;20681.0;4
113300;;;UKULELE;SEASHELLS;20679.0;11
113300;;;BANANAS;SEASHELLS;4799.0;1
113400;;;DIVING_GEAR;SEASHELLS;99718.0;1
113500;;;DIP;SEASHELLS;7086.0;5
113500;;;BANANAS;SEASHELLS;4798.0;1
113600;;;PEARLS;SEASHELLS;10004.0;2
113600;;;PEARLS;SEASHELLS;10004.0;8
113600;;;PICNIC_BASKET;SEASHELLS;74024.0;2
113700;;;BANANAS;SEASHELLS;4798.0;1
114200;;;COCONUTS;SEASHELLS;7956.0;8
114500;;;PICNIC_BASKET;SEASHELLS;74041.0;1
114500;;;PICNIC_BASKET;SEASHELLS;74041.0;2
114600;;;PEARLS;SEASHELLS;10002.0;1
114700;;;PEARLS;SEASHELLS;9998.0;1
114700;;;BANANAS;SEASHELLS;4793.0;1
115200;;;PEARLS;SEASHELLS;9996.0;2
115400;;;UKULELE;SEASHELLS;20679.0;4
115400;;;COCONUTS;SEASHELLS;7949.0;58
115400;;;BAGUETTE;SEASHELLS;12371.0;6
115500;;;BANANAS;SEASHELLS;4793.0;1
115600;;;BANANAS;SEASHELLS;4794.0;4
115600;;;DIP;SEASHELLS;7086.0;5
115800;;;DIP;SEASHELLS;7086.0;9
115900;;;DIVING_GEAR;SEASHELLS;99691.0;3
116000;;;BAGUETTE;SEASHELLS;12378.0;5
116000;;;DIP;SEASHELLS;7089.0;4
116100;;;PEARLS;SEASHELLS;10002.0;1
116100;;;DIVING_GEAR;SEASHELLS;99690.0;2
116100;;;DIP;SEASHELLS;7087.0;9
116200;;;UKULELE;SEASHELLS;20684.0;1
116300;;;BAGUETTE;SEASHELLS;12381.0;7
116400;;;PEARLS;SEASHELLS;9998.0;1
116500;;;UKULELE;SEASHELLS;20683.0;2
116800;;;DIP;SEASHELLS;7083.0;10
116900;;;PEARLS;SEASHELLS;10002.0;5
116900;;;PINA_COLADAS;SEASHELLS;14887.0;10
117200;;;DIP;SEASHELLS;7089.0;5
117300;;;DIP;SEASHELLS;7089.0;8
117300;;;PEARLS;SEASHELLS;10002.0;4
117500;;;BAGUETTE;SEASHELLS;12395.0;6
117600;;;PEARLS;SEASHELLS;10002.0;4
117900;;;BAGUETTE;SEASHELLS;12395.0;6
117900;;;BERRIES;SEASHELLS;3898.0;2
118100;;;BERRIES;SEASHELLS;3897.0;4
118100;;;DIP;SEASHELLS;7091.0;4
118100;;;PEARLS;SEASHELLS;10002.0;2
118200;;;BAGUETTE;SEASHELLS;12402.0;6
118300;;;BAGUETTE;SEASHELLS;12405.0;4
118300;;;DIVING_GEAR;SEASHELLS;99706.0;1
118400;;;BAGUETTE;SEASHELLS;12402.0;5
118500;;;BANANAS;SEASHELLS;4795.0;1
118600;;;BANANAS;SEASHELLS;4790.0;16
118900;;;BERRIES;SEASHELLS;3897.0;13
119000;;;BAGUETTE;SEASHELLS;12392.0;5
119100;;;DIP;SEASHELLS;7092.0;6
119100;;;PEARLS;SEASHELLS;10002.0;1
119200;;;BANANAS;SEASHELLS;4796.0;1
119300;;;DIP;SEASHELLS;7088.0;3
119400;;;BANANAS;SEASHELLS;4796.0;1
119500;;;PEARLS;SEASHELLS;10002.0;1
119600;;;PICNIC_BASKET;SEASHELLS;74057.0;1
119600;;;DIP;SEASHELLS;7086.0;9
119600;;;BANANAS;SEASHELLS;4792.0;7
119700;;;DIP;SEASHELLS;7086.0;6
120000;;;UKULELE;SEASHELLS;20673.0;1
120100;;;PEARLS;SEASHELLS;9995.0;2
120100;;;BANANAS;SEASHELLS;4791.0;2
120200;;;UKULELE;SEASHELLS;20675.0;5
120200;;;PEARLS;SEASHELLS;10004.0;8
120200;;;PEARLS;SEASHELLS;10004.0;2
120400;;;BANANAS;SEASHELLS;4790.0;1
120500;;;BANANAS;SEASHELLS;4795.0;1
120700;;;PEARLS;SEASHELLS;9998.0;1
121000;;;PEARLS;SEASHELLS;10002.0;1
121000;;;DIP;SEASHELLS;7087.0;8
121100;;;UKULELE;SEASHELLS;20681.0;1
121100;;;PEARLS;SEASHELLS;10002.0;1
121300;;;UKULELE;SEASHELLS;20678.0;4
121300;;;PEARLS;SEASHELLS;9998.0;1
121300;;;DIVING_GEAR;SEASHELLS;99667.0;1
121500;;;PEARLS;SEASHELLS;9998.0;3
121600;;;DIVING_GEAR;SEASHELLS;99667.0;3
122000;;;BAGUETTE;SEASHELLS;12408.0;6
122000;;;UKULELE;SEASHELLS;20667.0;4
122100;;;PEARLS;SEASHELLS;10004.0;2
122100;;;UKULELE;SEASHELLS;20668.0;5
122100;;;BANANAS;SEASHELLS;4795.0;2
122200;;;DIVING_GEAR;SEASHELLS;99628.0;1
122300;;;UKULELE;SEASHELLS;20667.0;2
122300;;;DIP;SEASHELLS;7087.0;4
122300;;;BANANAS;SEASHELLS;4790.0;5
122500;;;PEARLS;SEASHELLS;9998.0;5
122500;;;DIVING_GEAR;SEASHELLS;99639.0;1
122600;;;PEARLS;SEASHELLS;9998.0;4
122600;;;BANANAS;SEASHELLS;4793.0;1
122800;;;PEARLS;SEASHELLS;9998.0;1
122900;;;BANANAS;SEASHELLS;4792.0;11
122900;;;BANANAS;SEASHELLS;4792.0;4
123000;;;UKULELE;SEASHELLS;20672.0;1
123100;;;DIP;SEASHELLS;7083.0;7
123100;;;BANANAS;SEASHELLS;4789.0;3
123300;;;DIP;SEASHELLS;7084.0;7
123300;;;BAGUETTE;SEASHELLS;12406.0;4
123300;;;PICNIC_BASKET;SEASHELLS;73952.0;1
123300;;;COCONUTS;SEASHELLS;7931.0;48
123400;;;PEARLS;SEASHELLS;9998.0;1
123500;;;PEARLS;SEASHELLS;9998.0;1
123600;;;COCONUTS;SEASHELLS;7932.0;10
123700;;;BAGUETTE;SEASHELLS;12401.0;8
123700;;;BERRIES;SEASHELLS;3887.0;10
124100;;;UKULELE;SEASHELLS;20677.0;5
124100;;;BANANAS;SEASHELLS;4788.0;1
124200;;;BANANAS;SEASHELLS;4794.0;1
124200;;;PEARLS;SEASHELLS;9998.0;1
124300;;;PEARLS;SEASHELLS;9998.0;1
124400;;;BAGUETTE;SEASHELLS;12394.0;4
124400;;;BANANAS;SEASHELLS;4792.0;1
124400;;;PEARLS;SEASHELLS;10002.0;1
124500;;;DIVING_GEAR;SEASHELLS;99637.0;3
124500;;;PEARLS;SEASHELLS;9998.0;3
124600;;;BANANAS;SEASHELLS;4789.0;1
124600;;;BANANAS;SEASHELLS;4789.0;3
124600;;;DIP;SEASHELLS;7086.0;4
124900;;;BANANAS;SEASHELLS;4788.0;1
125100;;;BAGUETTE;SEASHELLS;12399.0;4
125100;;;BANANAS;SEASHELLS;4787.0;2
125100;;;PEARLS;SEASHELLS;9995.0;2
125200;;;DIVING_GEAR;SEASHELLS;99624.0;1
125200;;;DIP;SEASHELLS;7089.0;6
125200;;;BANANAS;SEASHELLS;4788.0;1
125500;;;BAGUETTE;SEASHELLS;12406.0;4
125700;;;BANANAS;SEASHELLS;4787.0;2
125700;;;BAGUETTE;SEASHELLS;12405.0;6
125700;;;PEARLS;SEASHELLS;9996.0;1
125800;;;PEARLS;SEASHELLS;9998.0;1
125800;;;BANANAS;SEASHELLS;4788.0;1
125900;;;UKULELE;SEASHELLS;20670.0;3
126000;;;BANANAS;SEASHELLS;4786.0;2
126000;;;PEARLS;SEASHELLS;9996.0;1
126000;;;PEARLS;SEASHELLS;9996.0;1
126200;;;BANANAS;SEASHELLS;4787.0;1
126300;;;PINA_COLADAS;SEASHELLS;14864.0;6
126300;;;PEARLS;SEASHELLS;10002.0;1
126300;;;PINA_COLADAS;SEASHELLS;14864.0;14
126500;;;UKULELE;SEASHELLS;20679.0;1
126800;;;BERRIES;SEASHELLS;3897.0;2
126800;;;PICNIC_BASKET;SEASHELLS;73920.0;1
126800;;;DIVING_GEAR;SEASHELLS;99623.0;3
126800;;;BANANAS;SEASHELLS;4789.0;2
126900;;;PEARLS;SEASHELLS;9998.0;1
127100;;;DIP;SEASHELLS;7093.0;8
127200;;;DIP;SEASHELLS;7093.0;8
127300;;;PEARLS;SEASHELLS;9998.0;2
127400;;;PEARLS;SEASHELLS;9996.0;7
127400;;;PEARLS;SEASHELLS;9996.0;2
127400;;;BERRIES;SEASHELLS;3896.0;10
127500;;;PEARLS;SEASHELLS;10002.0;5
127600;;;COCONUTS;SEASHELLS;7938.0;7
127800;;;BERRIES;SEASHELLS;3889.0;16
127900;;;PEARLS;SEASHELLS;9998.0;4
128000;;;UKULELE;SEASHELLS;20677.0;5
128000;;;BANANAS;SEASHELLS;4787.0;1
128100;;;BANANAS;SEASHELLS;4786.0;2
128100;;;PEARLS;SEASHELLS;10002.0;1
128300;;;DIVING_GEAR;SEASHELLS;99623.0;1
128500;;;PEARLS;SEASHELLS;10002.0;1
128600;;;BANANAS;SEASHELLS;4788.0;1
128600;;;DIP;SEASHELLS;7105.0;10
128800;;;BANANAS;SEASHELLS;4787.0;1
128900;;;UKULELE;SEASHELLS;20691.0;1
128900;;;DIP;SEASHELLS;7101.0;10
129000;;;DIVING_GEAR;SEASHELLS;99627.0;1
129000;;;BANANAS;SEASHELLS;4792.0;1
129000;;;UKULELE;SEASHELLS;20690.0;5
129200;;;BANANAS;SEASHELLS;4791.0;1
129300;;;PEARLS;SEASHELLS;9996.0;1
129300;;;PEARLS;SEASHELLS;9996.0;7
129400;;;PEARLS;SEASHELLS;10002.0;5
129500;;;PEARLS;SEASHELLS;10002.0;1
129500;;;BANANAS;SEASHELLS;4791.0;1
129600;;;UKULELE;SEASHELLS;20687.0;1
129600;;;BANANAS;SEASHELLS;4787.0;1
129700;;;BANANAS;SEASHELLS;4787.0;9
129700;;;BANANAS;SEASHELLS;4787.0;1
129700;;;BANANAS;SEASHELLS;4793.0;19
129800;;;BANANAS;SEASHELLS;4786.0;1
129800;;;PEARLS;SEASHELLS;9996.0;1
129800;;;DIVING_GEAR;SEASHELLS;99627.0;1
130000;;;PEARLS;SEASHELLS;10002.0;1
130000;;;PICNIC_BASKET;SEASHELLS;74030.0;7
130200;;;DIP;SEASHELLS;7101.0;5
130200;;;BANANAS;SEASHELLS;4791.0;1
130500;;;BANANAS;SEASHELLS;4792.0;2
130500;;;PEARLS;SEASHELLS;9998.0;1
130500;;;BANANAS;SEASHELLS;4792.0;13
130600;;;UKULELE;SEASHELLS;20688.0;3
130800;;;BANANAS;SEASHELLS;4786.0;1
130800;;;BERRIES;SEASHELLS;3890.0;6
130800;;;PEARLS;SEASHELLS;9998.0;1
131000;;;DIVING_GEAR;SEASHELLS;99626.0;1
131000;;;BANANAS;SEASHELLS;4787.0;1
131000;;;PEARLS;SEASHELLS;9998.0;1
131100;;;BANANAS;SEASHELLS;4788.0;3
131200;;;DIVING_GEAR;SEASHELLS;99628.0;1
131300;;;BERRIES;SEASHELLS;3890.0;16
131300;;;DIVING_GEAR;SEASHELLS;99629.0;3
131300;;;DIP;SEASHELLS;7100.0;7
131400;;;PICNIC_BASKET;SEASHELLS;74018.0;1
131500;;;BANANAS;SEASHELLS;4788.0;1
131500;;;BANANAS;SEASHELLS;4794.0;1
131500;;;PEARLS;SEASHELLS;10004.0;1
131600;;;PEARLS;SEASHELLS;9998.0;2
131800;;;BANANAS;SEASHELLS;4790.0;2
131800;;;DIP;SEASHELLS;7102.0;8
131800;;;PEARLS;SEASHELLS;10004.0;1
131900;;;DIP;SEASHELLS;7102.0;4
132000;;;PEARLS;SEASHELLS;9996.0;1
132000;;;BANANAS;SEASHELLS;4787.0;1
132100;;;BANANAS;SEASHELLS;4793.0;2
132100;;;DIVING_GEAR;SEASHELLS;99627.0;2
132200;;;BANANAS;SEASHELLS;4788.0;1
132200;;;PEARLS;SEASHELLS;9998.0;1
132500;;;BANANAS;SEASHELLS;4787.0;1
132800;;;BANANAS;SEASHELLS;4792.0;1
132800;;;UKULELE;SEASHELLS;20686.0;2
132900;;;DIVING_GEAR;SEASHELLS;99636.0;3
133200;;;DIVING_GEAR;SEASHELLS;99623.0;2
133200;;;DIVING_GEAR;SEASHELLS;99625.0;1
133200;;;DIP;SEASHELLS;7112.0;10
133300;;;BANANAS;SEASHELLS;4793.0;1
133300;;;PICNIC_BASKET;SEASHELLS;74100.0;1
133300;;;DIVING_GEAR;SEASHELLS;99629.0;3
133300;;;PEARLS;SEASHELLS;10004.0;1
133400;;;BANANAS;SEASHELLS;4787.0;1
133500;;;BANANAS;SEASHELLS;4787.0;1
133500;;;PEARLS;SEASHELLS;10002.0;2
133500;;;PEARLS;SEASHELLS;10002.0;2
133500;;;BANANAS;SEASHELLS;4787.0;2
133700;;;PEARLS;SEASHELLS;10004.0;2
133700;;;BANANAS;SEASHELLS;4795.0;2
133800;;;BANANAS;SEASHELLS;4795.0;8
133800;;;DIVING_GEAR;SEASHELLS;99624.0;3
133900;;;BAGUETTE;SEASHELLS;12406.0;5
133900;;;DIVING_GEAR;SEASHELLS;99628.0;2
134100;;;UKULELE;SEASHELLS;20680.0;1
134400;;;BAGUETTE;SEASHELLS;12409.0;3
134500;;;BANANAS;SEASHELLS;4794.0;1
134800;;;BANANAS;SEASHELLS;4789.0;1
134800;;;DIP;SEASHELLS;7115.0;6
134800;;;BAGUETTE;SEASHELLS;12409.0;4
134900;;;UKULELE;SEASHELLS;20675.0;3
134900;;;COCONUTS;SEASHELLS;7938.0;15
135000;;;BAGUETTE;SEASHELLS;12404.0;4
135100;;;BANANAS;SEASHELLS;4795.0;1
135100;;;PEARLS;SEASHELLS;10002.0;1
135200;;;BAGUETTE;SEASHELLS;12408.0;5
135200;;;PICNIC_BASKET;SEASHELLS;74052.0;1
135300;;;DIP;SEASHELLS;7119.0;8
135500;;;BAGUETTE;SEASHELLS;12412.0;4
135600;;;DIP;SEASHELLS;7119.0;4
135700;;;BANANAS;SEASHELLS;4794.0;1
135700;;;PEARLS;SEASHELLS;9998.0;4
135900;;;UKULELE;SEASHELLS;20665.0;3
136000;;;PEARLS;SEASHELLS;10002.0;1
136000;;;COCONUTS;SEASHELLS;7939.0;51
136000;;;BANANAS;SEASHELLS;4794.0;1
136200;;;PICNIC_BASKET;SEASHELLS;74018.0;1
136200;;;BANANAS;SEASHELLS;4794.0;9
136200;;;PEARLS;SEASHELLS;10002.0;1
136200;;;PEARLS;SEASHELLS;10000.0;1
136200;;;BANANAS;SEASHELLS;4794.0;1
136200;;;BANANAS;SEASHELLS;4794.0;9
136200;;;BANANAS;SEASHELLS;4796.0;1
136200;;;UKULELE;SEASHELLS;20665.0;5
136300;;;BANANAS;SEASHELLS;4789.0;5
136300;;;BANANAS;SEASHELLS;4789.0;1
136500;;;DIVING_GEAR;SEASHELLS;99621.0;2
136600;;;UKULELE;SEASHELLS;20667.0;5
136900;;;DIP;SEASHELLS;7112.0;5
136900;;;BERRIES;SEASHELLS;3903.0;12
136900;;;BANANAS;SEASHELLS;4795.0;11
136900;;;BERRIES;SEASHELLS;3904.0;1
137000;;;BAGUETTE;SEASHELLS;12407.0;3
137100;;;PEARLS;SEASHELLS;10005.0;7
137100;;;UKULELE;SEASHELLS;20665.0;2
137600;;;PEARLS;SEASHELLS;9995.0;11
137700;;;PEARLS;SEASHELLS;9998.0;1
137800;;;DIP;SEASHELLS;7107.0;12
137900;;;PEARLS;SEASHELLS;9998.0;1
137900;;;DIVING_GEAR;SEASHELLS;99637.0;2
138000;;;UKULELE;SEASHELLS;20670.0;5
138000;;;BANANAS;SEASHELLS;4790.0;1
138100;;;PEARLS;SEASHELLS;10002.0;1
138300;;;PEARLS;SEASHELLS;10002.0;1
138300;;;COCONUTS;SEASHELLS;7936.0;6
138300;;;UKULELE;SEASHELLS;20669.0;3
138500;;;PEARLS;SEASHELLS;10004.0;2
138500;;;BANANAS;SEASHELLS;4797.0;2
138600;;;BERRIES;SEASHELLS;3904.0;13
138800;;;UKULELE;SEASHELLS;20665.0;5
138900;;;BERRIES;SEASHELLS;3898.0;13
139000;;;BANANAS;SEASHELLS;4796.0;1
139100;;;BANANAS;SEASHELLS;4791.0;12
139200;;;BANANAS;SEASHELLS;4795.0;1
139200;;;PEARLS;SEASHELLS;10002.0;1
139200;;;BANANAS;SEASHELLS;4791.0;1
139300;;;BAGUETTE;SEASHELLS;12413.0;8
139500;;;DIP;SEASHELLS;7103.0;5
139500;;;BAGUETTE;SEASHELLS;12412.0;6
139500;;;DIVING_GEAR;SEASHELLS;99574.0;2
139700;;;BANANAS;SEASHELLS;4794.0;2
139800;;;DIVING_GEAR;SEASHELLS;99563.0;2
140100;;;PEARLS;SEASHELLS;9998.0;2
140100;;;BANANAS;SEASHELLS;4792.0;1
140400;;;DIP;SEASHELLS;7102.0;6
140600;;;PEARLS;SEASHELLS;9996.0;2
140900;;;UKULELE;SEASHELLS;20666.0;5
141000;;;UKULELE;SEASHELLS;20665.0;5
141100;;;PINA_COLADAS;SEASHELLS;14861.0;4
141100;;;BANANAS;SEASHELLS;4792.0;1
141100;;;PEARLS;SEASHELLS;10002.0;2
141300;;;BANANAS;SEASHELLS;4796.0;1
141500;;;BANANAS;SEASHELLS;4792.0;1
141500;;;BAGUETTE;SEASHELLS;12401.0;3
141500;;;DIP;SEASHELLS;7100.0;4
141600;;;PEARLS;SEASHELLS;9996.0;1
141600;;;PEARLS;SEASHELLS;9996.0;5
141600;;;BERRIES;SEASHELLS;3907.0;5
141700;;;BANANAS;SEASHELLS;4796.0;1
141800;;;PICNIC_BASKET;SEASHELLS;73902.0;5
141800;;;PICNIC_BASKET;SEASHELLS;73903.0;1
142200;;;PEARLS;SEASHELLS;9998.0;1
142500;;;BANANAS;SEASHELLS;4796.0;1
142500;;;PICNIC_BASKET;SEASHELLS;73892.0;1
142700;;;PEARLS;SEASHELLS;10002.0;4
142800;;;BANANAS;SEASHELLS;4796.0;1
142800;;;DIVING_GEAR;SEASHELLS;99542.0;2
142800;;;COCONUTS;SEASHELLS;7931.0;55
142800;;;BAGUETTE;SEASHELLS;12402.0;6
142800;;;PEARLS;SEASHELLS;10004.0;1
142900;;;BANANAS;SEASHELLS;4790.0;1
142900;;;UKULELE;SEASHELLS;20667.0;3
143000;;;BANANAS;SEASHELLS;4790.0;1
143000;;;BANANAS;SEASHELLS;4796.0;1
143000;;;PEARLS;SEASHELLS;10004.0;1
143100;;;UKULELE;SEASHELLS;20664.0;1
143100;;;BANANAS;SEASHELLS;4790.0;11
143200;;;DIVING_GEAR;SEASHELLS;99569.0;1
143200;;;UKULELE;SEASHELLS;20667.0;2
143400;;;BAGUETTE;SEASHELLS;12401.0;6
143400;;;DIVING_GEAR;SEASHELLS;99565.0;1
143500;;;BANANAS;SEASHELLS;4789.0;1
143500;;;COCONUTS;SEASHELLS;7933.0;46
143600;;;PEARLS;SEASHELLS;10005.0;1
143600;;;BANANAS;SEASHELLS;4794.0;1
143600;;;BANANAS;SEASHELLS;4795.0;1
143800;;;DIP;SEASHELLS;7092.0;12
143900;;;PEARLS;SEASHELLS;9995.0;4
144100;;;PICNIC_BASKET;SEASHELLS;73879.0;2
144100;;;PICNIC_BASKET;SEASHELLS;73878.0;2
144400;;;UKULELE;SEASHELLS;20657.0;1
144500;;;UKULELE;SEASHELLS;20652.0;3
144600;;;PICNIC_BASKET;SEASHELLS;73896.0;2
144600;;;BANANAS;SEASHELLS;4795.0;1
144700;;;BERRIES;SEASHELLS;3909.0;6
145200;;;UKULELE;SEASHELLS;20662.0;3
145200;;;BANANAS;SEASHELLS;4790.0;1
145300;;;BANANAS;SEASHELLS;4794.0;1
145300;;;PEARLS;SEASHELLS;9998.0;4
145400;;;UKULELE;SEASHELLS;20661.0;2
145600;;;DIP;SEASHELLS;7095.0;10
145600;;;BANANAS;SEASHELLS;4792.0;1
145700;;;BANANAS;SEASHELLS;4793.0;1
145700;;;BANANAS;SEASHELLS;4792.0;7
145700;;;UKULELE;SEASHELLS;20661.0;2
145700;;;DIP;SEASHELLS;7096.0;6
145700;;;BAGUETTE;SEASHELLS;12411.0;6
145800;;;BERRIES;SEASHELLS;3907.0;5
146100;;;PINA_COLADAS;SEASHELLS;14871.0;5
146100;;;BAGUETTE;SEASHELLS;12410.0;3
146200;;;DIVING_GEAR;SEASHELLS;99515.0;3
146200;;;BANANAS;SEASHELLS;4793.0;15
146300;;;PEARLS;SEASHELLS;10002.0;1
146300;;;DIP;SEASHELLS;7095.0;10
146300;;;BANANAS;SEASHELLS;4792.0;1
146400;;;BANANAS;SEASHELLS;4787.0;1
146400;;;PEARLS;SEASHELLS;9998.0;1
146600;;;PEARLS;SEASHELLS;9998.0;1
146600;;;PEARLS;SEASHELLS;10005.0;10
146600;;;PICNIC_BASKET;SEASHELLS;73928.0;6
146700;;;BERRIES;SEASHELLS;3902.0;1
146800;;;UKULELE;SEASHELLS;20671.0;3
147000;;;BANANAS;SEASHELLS;4787.0;1
147000;;;PEARLS;SEASHELLS;9998.0;5
147100;;;BANANAS;SEASHELLS;4788.0;4
147200;;;BERRIES;SEASHELLS;3910.0;17
147500;;;BANANAS;SEASHELLS;4791.0;1
147500;;;PEARLS;SEASHELLS;10002.0;5
147500;;;BAGUETTE;SEASHELLS;12406.0;4
147800;;;PEARLS;SEASHELLS;10002.0;6
147800;;;BANANAS;SEASHELLS;4791.0;1
147800;;;DIP;SEASHELLS;7095.0;3
147900;;;BANANAS;SEASHELLS;4791.0;1
148000;;;DIP;SEASHELLS;7094.0;10
148000;;;BANANAS;SEASHELLS;4791.0;1
148100;;;BANANAS;SEASHELLS;4787.0;4
148100;;;PEARLS;SEASHELLS;9998.0;1
148200;;;PEARLS;SEASHELLS;10005.0;5
148300;;;DIVING_GEAR;SEASHELLS;99480.0;2
148600;;;PEARLS;SEASHELLS;9998.0;3
148600;;;PEARLS;SEASHELLS;10000.0;2
148600;;;PICNIC_BASKET;SEASHELLS;73937.0;5
148600;;;DIP;SEASHELLS;7094.0;4
149000;;;DIVING_GEAR;SEASHELLS;99481.0;3
149000;;;BANANAS;SEASHELLS;4786.0;1
149000;;;BANANAS;SEASHELLS;4787.0;4
149100;;;UKULELE;SEASHELLS;20672.0;2
149200;;;PEARLS;SEASHELLS;9996.0;2
149200;;;PEARLS;SEASHELLS;9996.0;10
149300;;;PICNIC_BASKET;SEASHELLS;73976.0;6
149400;;;PEARLS;SEASHELLS;9998.0;5
149400;;;BANANAS;SEASHELLS;4787.0;1
149400;;;COCONUTS;SEASHELLS;7933.0;40
149400;;;UKULELE;SEASHELLS;20674.0;11
149400;;;PEARLS;SEASHELLS;9998.0;1
149400;;;PEARLS;SEASHELLS;9996.0;1
149400;;;COCONUTS;SEASHELLS;7933.0;15
149600;;;BANANAS;SEASHELLS;4786.0;5
149600;;;DIP;SEASHELLS;7093.0;10
149700;;;BANANAS;SEASHELLS;4786.0;1
149900;;;UKULELE;SEASHELLS;20677.0;3
149900;;;DIVING_GEAR;SEASHELLS;99462.0;1
149900;;;BANANAS;SEASHELLS;4785.0;3
149900;;;BERRIES;SEASHELLS;3911.0;10
150100;;;PEARLS;SEASHELLS;9998.0;2
150100;;;BANANAS;SEASHELLS;4789.0;3
150100;;;BANANAS;SEASHELLS;4789.0;4
150300;;;UKULELE;SEASHELLS;20679.0;1
150300;;;BAGUETTE;SEASHELLS;12397.0;5
150700;;;PEARLS;SEASHELLS;9998.0;1
150900;;;BANANAS;SEASHELLS;4793.0;2
150900;;;PEARLS;SEASHELLS;10004.0;1
151100;;;UKULELE;SEASHELLS;20680.0;2
151200;;;BANANAS;SEASHELLS;4786.0;14
151300;;;BANANAS;SEASHELLS;4787.0;1
151300;;;BANANAS;SEASHELLS;4786.0;1
151500;;;BANANAS;SEASHELLS;4792.0;1
151500;;;BERRIES;SEASHELLS;3901.0;20
151700;;;BANANAS;SEASHELLS;4787.0;10
151700;;;BANANAS;SEASHELLS;4787.0;1
151800;;;BERRIES;SEASHELLS;3909.0;7
151900;;;BANANAS;SEASHELLS;4792.0;1
152000;;;BANANAS;SEASHELLS;4787.0;1
152100;;;DIP;SEASHELLS;7092.0;4
152100;;;BANANAS;SEASHELLS;4787.0;1
152200;;;BANANAS;SEASHELLS;4787.0;1
152300;;;PINA_COLADAS;SEASHELLS;14876.0;9
152300;;;DIP;SEASHELLS;7089.0;7
152300;;;BANANAS;SEASHELLS;4792.0;1
152400;;;BANANAS;SEASHELLS;4788.0;5
152600;;;BANANAS;SEASHELLS;4793.0;1
152600;;;PEARLS;SEASHELLS;10004.0;1
152600;;;BAGUETTE;SEASHELLS;12384.0;8
152700;;;BANANAS;SEASHELLS;4792.0;1
152700;;;DIP;SEASHELLS;7088.0;5
152800;;;BANANAS;SEASHELLS;4790.0;2
153100;;;BERRIES;SEASHELLS;3901.0;6
153100;;;BANANAS;SEASHELLS;4793.0;2
153100;;;PEARLS;SEASHELLS;10005.0;2
153200;;;PEARLS;SEASHELLS;10002.0;1
153200;;;PICNIC_BASKET;SEASHELLS;73982.0;1
153400;;;BANANAS;SEASHELLS;4786.0;1
153400;;;PINA_COLADAS;SEASHELLS;14878.0;2
153400;;;DIP;SEASHELLS;7092.0;8
153500;;;PEARLS;SEASHELLS;9998.0;1
153600;;;PEARLS;SEASHELLS;9998.0;1
153700;;;UKULELE;SEASHELLS;20678.0;3
153700;;;DIP;SEASHELLS;7094.0;8
153800;;;PEARLS;SEASHELLS;9995.0;1
153800;;;BANANAS;SEASHELLS;4787.0;1
153900;;;DIP;SEASHELLS;7096.0;6
154000;;;PEARLS;SEASHELLS;10002.0;1
154100;;;BERRIES;SEASHELLS;3902.0;2
154100;;;DIP;SEASHELLS;7098.0;8
154100;;;BANANAS;SEASHELLS;4787.0;1
154100;;;BANANAS;SEASHELLS;4786.0;9
154300;;;DIP;SEASHELLS;7096.0;5
154500;;;BANANAS;SEASHELLS;4791.0;1
154500;;;BANANAS;SEASHELLS;4791.0;2
154500;;;PEARLS;SEASHELLS;9998.0;2
155000;;;UKULELE;SEASHELLS;20665.0;5
155100;;;BANANAS;SEASHELLS;4787.0;4
155100;;;COCONUTS;SEASHELLS;7929.0;20
155200;;;PEARLS;SEASHELLS;10002.0;1
155400;;;BERRIES;SEASHELLS;3909.0;19
155700;;;DIVING_GEAR;SEASHELLS;99517.0;3
156000;;;BANANAS;SEASHELLS;4791.0;1
156300;;;PICNIC_BASKET;SEASHELLS;73967.0;2
156300;;;PICNIC_BASKET;SEASHELLS;73966.0;6
156300;;;BANANAS;SEASHELLS;4785.0;2
156400;;;PEARLS;SEASHELLS;10002.0;1
156600;;;UKULELE;SEASHELLS;20669.0;2
156800;;;BANANAS;SEASHELLS;4790.0;1
157000;;;BANANAS;SEASHELLS;4790.0;18
157100;;;BAGUETTE;SEASHELLS;12383.0;5
157200;;;BAGUETTE;SEASHELLS;12384.0;3
157300;;;BANANAS;SEASHELLS;4784.0;1
157400;;;BAGUETTE;SEASHELLS;12381.0;9
157400;;;DIVING_GEAR;SEASHELLS;99507.0;1
157400;;;DIP;SEASHELLS;7101.0;5
157500;;;BANANAS;SEASHELLS;4789.0;12
157500;;;BANANAS;SEASHELLS;4787.0;1
157600;;;DIP;SEASHELLS;7100.0;8
157600;;;DIP;SEASHELLS;7102.0;4
157600;;;PINA_COLADAS;SEASHELLS;14872.0;30
157600;;;UKULELE;SEASHELLS;20671.0;3
158300;;;DIVING_GEAR;SEASHELLS;99522.0;1
158400;;;UKULELE;SEASHELLS;20678.0;1
158400;;;BANANAS;SEASHELLS;4787.0;1
158500;;;BERRIES;SEASHELLS;3903.0;9
158500;;;PEARLS;SEASHELLS;9996.0;6
158500;;;PEARLS;SEASHELLS;9996.0;2
158800;;;BAGUETTE;SEASHELLS;12378.0;4
159000;;;UKULELE;SEASHELLS;20672.0;3
159400;;;BANANAS;SEASHELLS;4788.0;1
159400;;;DIP;SEASHELLS;7097.0;6
159500;;;PEARLS;SEASHELLS;10005.0;1
159500;;;BAGUETTE;SEASHELLS;12369.0;8
159500;;;BANANAS;SEASHELLS;4789.0;1
159600;;;BAGUETTE;SEASHELLS;12364.0;5
159600;;;PINA_COLADAS;SEASHELLS;14875.0;2
159700;;;BANANAS;SEASHELLS;4787.0;2
159700;;;PEARLS;SEASHELLS;10002.0;2
159800;;;BANANAS;SEASHELLS;4789.0;2
159900;;;BANANAS;SEASHELLS;4790.0;15
160000;;;COCONUTS;SEASHELLS;7932.0;7
160200;;;PEARLS;SEASHELLS;9998.0;6
160200;;;BAGUETTE;SEASHELLS;12369.0;7
160200;;;UKULELE;SEASHELLS;20683.0;4
160300;;;BANANAS;SEASHELLS;4790.0;1
160400;;;DIVING_GEAR;SEASHELLS;99503.0;2
160500;;;BAGUETTE;SEASHELLS;12368.0;8
160500;;;BANANAS;SEASHELLS;4785.0;19
160800;;;DIP;SEASHELLS;7101.0;4
160900;;;DIVING_GEAR;SEASHELLS;99497.0;1
160900;;;BAGUETTE;SEASHELLS;12369.0;5
160900;;;PICNIC_BASKET;SEASHELLS;73976.0;1
161100;;;BERRIES;SEASHELLS;3907.0;27
161200;;;PEARLS;SEASHELLS;9998.0;4
161200;;;BANANAS;SEASHELLS;4786.0;2
161300;;;PEARLS;SEASHELLS;10002.0;2
161600;;;BAGUETTE;SEASHELLS;12368.0;8
161700;;;BANANAS;SEASHELLS;4784.0;1
161700;;;DIP;SEASHELLS;7098.0;4
161800;;;DIP;SEASHELLS;7099.0;4
161900;;;PEARLS;SEASHELLS;9998.0;1
162000;;;BERRIES;SEASHELLS;3906.0;9
162100;;;PEARLS;SEASHELLS;9998.0;1
162200;;;PEARLS;SEASHELLS;9998.0;1
162300;;;DIP;SEASHELLS;7096.0;4
162300;;;PEARLS;SEASHELLS;10005.0;8
162400;;;BANANAS;SEASHELLS;4786.0;1
162600;;;BANANAS;SEASHELLS;4784.0;1
162900;;;BANANAS;SEASHELLS;4784.0;1
163100;;;BANANAS;SEASHELLS;4789.0;1
163100;;;BAGUETTE;SEASHELLS;12357.0;4
163300;;;COCONUTS;SEASHELLS;7929.0;48
163500;;;PEARLS;SEASHELLS;10004.0;1
163500;;;DIP;SEASHELLS;7100.0;4
163500;;;BANANAS;SEASHELLS;4790.0;1
163600;;;UKULELE;SEASHELLS;20689.0;3
163900;;;BANANAS;SEASHELLS;4784.0;12
164000;;;PEARLS;SEASHELLS;10004.0;1
164000;;;PEARLS;SEASHELLS;10004.0;7
164100;;;BAGUETTE;SEASHELLS;12352.0;6
164400;;;PEARLS;SEASHELLS;9998.0;1
164600;;;BANANAS;SEASHELLS;4788.0;11
164700;;;BERRIES;SEASHELLS;3912.0;3
164900;;;BANANAS;SEASHELLS;4784.0;1
165300;;;DIP;SEASHELLS;7095.0;7
165400;;;PICNIC_BASKET;SEASHELLS;73998.0;2
165400;;;PICNIC_BASKET;SEASHELLS;73998.0;1
165500;;;BANANAS;SEASHELLS;4788.0;12
165500;;;DIVING_GEAR;SEASHELLS;99460.0;3
165600;;;PINA_COLADAS;SEASHELLS;14853.0;20
165600;;;BANANAS;SEASHELLS;4782.0;1
165600;;;PINA_COLADAS;SEASHELLS;14853.0;10
165700;;;UKULELE;SEASHELLS;20671.0;2
165800;;;BANANAS;SEASHELLS;4787.0;9
165900;;;DIP;SEASHELLS;7091.0;5
165900;;;UKULELE;SEASHELLS;20670.0;5
166000;;;PEARLS;SEASHELLS;9995.0;12
166000;;;PICNIC_BASKET;SEASHELLS;73950.0;6
166200;;;UKULELE;SEASHELLS;20662.0;1
166400;;;PEARLS;SEASHELLS;10004.0;1
166400;;;DIP;SEASHELLS;7093.0;10
166400;;;BAGUETTE;SEASHELLS;12368.0;7
166400;;;PEARLS;SEASHELLS;10004.0;10
166400;;;DIVING_GEAR;SEASHELLS;99470.0;3
166500;;;BAGUETTE;SEASHELLS;12370.0;8
166600;;;BANANAS;SEASHELLS;4782.0;1
166700;;;BAGUETTE;SEASHELLS;12365.0;6
166900;;;DIVING_GEAR;SEASHELLS;99459.0;2
166900;;;DIVING_GEAR;SEASHELLS;99459.0;1
167000;;;BANANAS;SEASHELLS;4784.0;2
167100;;;BANANAS;SEASHELLS;4782.0;1
167200;;;BANANAS;SEASHELLS;4782.0;1
167200;;;PEARLS;SEASHELLS;9998.0;1
167400;;;BANANAS;SEASHELLS;4787.0;20
167600;;;BANANAS;SEASHELLS;4786.0;1
167700;;;BAGUETTE;SEASHELLS;12362.0;6
167800;;;DIVING_GEAR;SEASHELLS;99504.0;3
167900;;;DIP;SEASHELLS;7105.0;8
167900;;;DIVING_GEAR;SEASHELLS;99492.0;3
168200;;;BAGUETTE;SEASHELLS;12347.0;7
168500;;;BAGUETTE;SEASHELLS;12337.0;4
168700;;;BAGUETTE;SEASHELLS;12330.0;5
168800;;;DIVING_GEAR;SEASHELLS;99467.0;3
168900;;;UKULELE;SEASHELLS;20673.0;5
169000;;;BAGUETTE;SEASHELLS;12331.0;7
169000;;;BANANAS;SEASHELLS;4782.0;3
169100;;;BANANAS;SEASHELLS;4788.0;1
169100;;;DIP;SEASHELLS;7107.0;7
169100;;;PEARLS;SEASHELLS;9998.0;1
169300;;;PEARLS;SEASHELLS;10002.0;1
169300;;;PICNIC_BASKET;SEASHELLS;73983.0;6
169300;;;PICNIC_BASKET;SEASHELLS;73984.0;2
169400;;;BAGUETTE;SEASHELLS;12329.0;8
169500;;;DIVING_GEAR;SEASHELLS;99473.0;1
169800;;;PEARLS;SEASHELLS;9996.0;1
169800;;;UKULELE;SEASHELLS;20664.0;5
169800;;;BANANAS;SEASHELLS;4784.0;2
169800;;;PEARLS;SEASHELLS;9996.0;1
169900;;;PEARLS;SEASHELLS;9998.0;2
170000;;;BANANAS;SEASHELLS;4789.0;3
170100;;;DIVING_GEAR;SEASHELLS;99460.0;3
170200;;;PEARLS;SEASHELLS;10005.0;1
170200;;;DIP;SEASHELLS;7103.0;10
170200;;;BANANAS;SEASHELLS;4791.0;9
170200;;;BANANAS;SEASHELLS;4791.0;1
170400;;;UKULELE;SEASHELLS;20664.0;5
170400;;;PINA_COLADAS;SEASHELLS;14849.0;5
170500;;;BANANAS;SEASHELLS;4789.0;2
170500;;;PEARLS;SEASHELLS;10002.0;2
170800;;;PEARLS;SEASHELLS;9996.0;2
171000;;;DIP;SEASHELLS;7103.0;7
171000;;;DIVING_GEAR;SEASHELLS;99459.0;2
171100;;;PEARLS;SEASHELLS;9998.0;1
171100;;;DIP;SEASHELLS;7101.0;10
171300;;;UKULELE;SEASHELLS;20650.0;2
171300;;;BERRIES;SEASHELLS;3909.0;2
171300;;;BANANAS;SEASHELLS;4785.0;1
171300;;;PEARLS;SEASHELLS;9995.0;1
171300;;;PEARLS;SEASHELLS;9998.0;1
171400;;;DIVING_GEAR;SEASHELLS;99464.0;2
171400;;;BANANAS;SEASHELLS;4790.0;1
171600;;;PEARLS;SEASHELLS;10002.0;1
171600;;;PEARLS;SEASHELLS;9998.0;5
171600;;;BAGUETTE;SEASHELLS;12333.0;8
171700;;;DIVING_GEAR;SEASHELLS;99475.0;3
171800;;;BAGUETTE;SEASHELLS;12337.0;7
171800;;;BANANAS;SEASHELLS;4785.0;1
171900;;;BANANAS;SEASHELLS;4785.0;1
171900;;;DIVING_GEAR;SEASHELLS;99478.0;3
172000;;;BANANAS;SEASHELLS;4784.0;2
172000;;;PEARLS;SEASHELLS;9995.0;2
172100;;;BANANAS;SEASHELLS;4785.0;1
172100;;;PEARLS;SEASHELLS;10002.0;1
172300;;;BANANAS;SEASHELLS;4785.0;1
172400;;;BANANAS;SEASHELLS;4785.0;1
172500;;;BAGUETTE;SEASHELLS;12347.0;3
172500;;;BERRIES;SEASHELLS;3907.0;3
172700;;;DIVING_GEAR;SEASHELLS;99494.0;3
172700;;;BANANAS;SEASHELLS;4791.0;1
172700;;;PEARLS;SEASHELLS;10000.0;1
172800;;;BAGUETTE;SEASHELLS;12346.0;4
173000;;;UKULELE;SEASHELLS;20651.0;4
173100;;;UKULELE;SEASHELLS;20649.0;4
173100;;;DIP;SEASHELLS;7103.0;8
173100;;;DIVING_GEAR;SEASHELLS;99470.0;1
173200;;;DIVING_GEAR;SEASHELLS;99467.0;1
173200;;;DIP;SEASHELLS;7105.0;7
173200;;;PEARLS;SEASHELLS;10002.0;1
173300;;;BANANAS;SEASHELLS;4785.0;1
173300;;;BANANAS;SEASHELLS;4787.0;3
173400;;;DIVING_GEAR;SEASHELLS;99472.0;2
173500;;;DIP;SEASHELLS;7104.0;5
173600;;;DIP;SEASHELLS;7100.0;8
173900;;;PEARLS;SEASHELLS;10002.0;1
174000;;;BAGUETTE;SEASHELLS;12345.0;10
174000;;;BANANAS;SEASHELLS;4791.0;1
174100;;;DIP;SEASHELLS;7100.0;8
174300;;;DIVING_GEAR;SEASHELLS;99493.0;3
174300;;;PEARLS;SEASHELLS;9998.0;1
174300;;;DIP;SEASHELLS;7099.0;5
174500;;;BANANAS;SEASHELLS;4786.0;1
174500;;;PEARLS;SEASHELLS;9998.0;1
174600;;;DIP;SEASHELLS;7101.0;10
174600;;;PICNIC_BASKET;SEASHELLS;73944.0;1
174700;;;DIP;SEASHELLS;7104.0;6
174800;;;BANANAS;SEASHELLS;4791.0;1
174800;;;BANANAS;SEASHELLS;4791.0;2
175000;;;PICNIC_BASKET;SEASHELLS;73924.0;1
175000;;;UKULELE;SEASHELLS;20628.0;5
175100;;;COCONUTS;SEASHELLS;7917.0;23
175200;;;PICNIC_BASKET;SEASHELLS;73925.0;6
175200;;;BERRIES;SEASHELLS;3904.0;1
175200;;;BANANAS;SEASHELLS;4790.0;1
175300;;;DIVING_GEAR;SEASHELLS;99494.0;3
175300;;;UKULELE;SEASHELLS;20630.0;4
175400;;;BANANAS;SEASHELLS;4791.0;1
175400;;;PEARLS;SEASHELLS;10004.0;1
175500;;;UKULELE;SEASHELLS;20631.0;2
175500;;;PEARLS;SEASHELLS;10002.0;1
175700;;;BANANAS;SEASHELLS;4786.0;1
175700;;;BAGUETTE;SEASHELLS;12342.0;4
175900;;;PINA_COLADAS;SEASHELLS;14848.0;9
176100;;;BERRIES;SEASHELLS;3904.0;13
176300;;;UKULELE;SEASHELLS;20641.0;2
176400;;;PEARLS;SEASHELLS;10002.0;1
176400;;;BANANAS;SEASHELLS;4792.0;6
176400;;;BANANAS;SEASHELLS;4786.0;1
176500;;;BAGUETTE;SEASHELLS;12340.0;4
176500;;;BAGUETTE;SEASHELLS;12340.0;7
176500;;;BANANAS;SEASHELLS;4791.0;1
176600;;;BANANAS;SEASHELLS;4792.0;1
176600;;;PEARLS;SEASHELLS;10004.0;1
176600;;;BERRIES;SEASHELLS;3905.0;14
176700;;;UKULELE;SEASHELLS;20643.0;3
176700;;;PINA_COLADAS;SEASHELLS;14852.0;2
177300;;;BANANAS;SEASHELLS;4787.0;5
177300;;;BAGUETTE;SEASHELLS;12354.0;8
177300;;;COCONUTS;SEASHELLS;7917.0;69
177400;;;PEARLS;SEASHELLS;9998.0;1
177400;;;DIVING_GEAR;SEASHELLS;99526.0;1
177600;;;DIP;SEASHELLS;7096.0;7
177600;;;PEARLS;SEASHELLS;9998.0;2
178100;;;UKULELE;SEASHELLS;20654.0;1
178300;;;BANANAS;SEASHELLS;4792.0;17
178300;;;BANANAS;SEASHELLS;4790.0;1
178300;;;BAGUETTE;SEASHELLS;12365.0;10
178300;;;UKULELE;SEASHELLS;20657.0;2
178400;;;BANANAS;SEASHELLS;4785.0;1
178400;;;PEARLS;SEASHELLS;9996.0;1
178700;;;BANANAS;SEASHELLS;4785.0;1
178800;;;BANANAS;SEASHELLS;4786.0;3
178900;;;BANANAS;SEASHELLS;4791.0;12
179000;;;BANANAS;SEASHELLS;4785.0;1
179200;;;PEARLS;SEASHELLS;9998.0;1
179300;;;BAGUETTE;SEASHELLS;12372.0;7
179400;;;BANANAS;SEASHELLS;4785.0;1
179400;;;DIVING_GEAR;SEASHELLS;99532.0;2
179500;;;BAGUETTE;SEASHELLS;12374.0;7
179600;;;BANANAS;SEASHELLS;4790.0;1
179600;;;PEARLS;SEASHELLS;10002.0;1
179800;;;DIP;SEASHELLS;7097.0;9
180300;;;BANANAS;SEASHELLS;4785.0;5
180300;;;BANANAS;SEASHELLS;4785.0;2
180500;;;DIP;SEASHELLS;7097.0;6
180600;;;BANANAS;SEASHELLS;4786.0;4
180700;;;DIVING_GEAR;SEASHELLS;99554.0;1
180800;;;BAGUETTE;SEASHELLS;12372.0;8
180900;;;PEARLS;SEASHELLS;10004.0;1
180900;;;PEARLS;SEASHELLS;10004.0;5
181000;;;BANANAS;SEASHELLS;4791.0;1
181000;;;BANANAS;SEASHELLS;4791.0;1
181100;;;DIP;SEASHELLS;7092.0;5
181200;;;PEARLS;SEASHELLS;10005.0;8
181300;;;DIVING_GEAR;SEASHELLS;99536.0;1
181300;;;BANANAS;SEASHELLS;4785.0;1
181300;;;PEARLS;SEASHELLS;10000.0;1
181500;;;UKULELE;SEASHELLS;20657.0;4
181600;;;BANANAS;SEASHELLS;4791.0;3
181700;;;BANANAS;SEASHELLS;4786.0;10
181800;;;PEARLS;SEASHELLS;9995.0;2
181800;;;BANANAS;SEASHELLS;4785.0;2
181900;;;BANANAS;SEASHELLS;4792.0;12
181900;;;BANANAS;SEASHELLS;4791.0;1
181900;;;BAGUETTE;SEASHELLS;12385.0;6
181900;;;UKULELE;SEASHELLS;20657.0;2
181900;;;PEARLS;SEASHELLS;9996.0;1
181900;;;PEARLS;SEASHELLS;9996.0;2
182000;;;BAGUETTE;SEASHELLS;12386.0;8
182100;;;BAGUETTE;SEASHELLS;12385.0;4
182100;;;BANANAS;SEASHELLS;4786.0;1
182100;;;PEARLS;SEASHELLS;10002.0;1
182100;;;BANANAS;SEASHELLS;4788.0;1
182400;;;DIP;SEASHELLS;7092.0;9
182400;;;BAGUETTE;SEASHELLS;12379.0;6
182500;;;PICNIC_BASKET;SEASHELLS;73937.0;1
182600;;;BAGUETTE;SEASHELLS;12373.0;3
182700;;;BANANAS;SEASHELLS;4786.0;1
182700;;;BANANAS;SEASHELLS;4786.0;1
182700;;;PEARLS;SEASHELLS;9998.0;1
182700;;;PEARLS;SEASHELLS;9998.0;1
182800;;;BANANAS;SEASHELLS;4786.0;1
182900;;;BANANAS;SEASHELLS;4785.0;4
183200;;;BANANAS;SEASHELLS;4785.0;1
183200;;;BAGUETTE;SEASHELLS;12383.0;10
183300;;;DIVING_GEAR;SEASHELLS;99546.0;1
183400;;;BAGUETTE;SEASHELLS;12380.0;4
183500;;;BANANAS;SEASHELLS;4785.0;1
183500;;;PEARLS;SEASHELLS;9996.0;1
183600;;;DIP;SEASHELLS;7097.0;8
183700;;;BANANAS;SEASHELLS;4785.0;11
183700;;;BANANAS;SEASHELLS;4784.0;1
183800;;;BANANAS;SEASHELLS;4784.0;1
183800;;;COCONUTS;SEASHELLS;7909.0;18
183900;;;UKULELE;SEASHELLS;20656.0;2
183900;;;DIVING_GEAR;SEASHELLS;99538.0;1
183900;;;BANANAS;SEASHELLS;4785.0;1
183900;;;BANANAS;SEASHELLS;4785.0;1
184100;;;PEARLS;SEASHELLS;10002.0;1
184200;;;BANANAS;SEASHELLS;4784.0;1
184600;;;DIP;SEASHELLS;7098.0;8
184700;;;UKULELE;SEASHELLS;20667.0;5
184800;;;BAGUETTE;SEASHELLS;12384.0;10
184900;;;PICNIC_BASKET;SEASHELLS;74014.0;2
185000;;;UKULELE;SEASHELLS;20670.0;2
185100;;;DIP;SEASHELLS;7100.0;6
185200;;;UKULELE;SEASHELLS;20671.0;1
185600;;;PICNIC_BASKET;SEASHELLS;74015.0;2
185700;;;BERRIES;SEASHELLS;3901.0;2
185700;;;BAGUETTE;SEASHELLS;12387.0;5
185700;;;COCONUTS;SEASHELLS;7909.0;5
185800;;;BANANAS;SEASHELLS;4789.0;1
185900;;;BANANAS;SEASHELLS;4789.0;1
186000;;;DIVING_GEAR;SEASHELLS;99593.0;1
186000;;;BANANAS;SEASHELLS;4788.0;9
186000;;;BANANAS;SEASHELLS;4788.0;8
186100;;;PEARLS;SEASHELLS;9998.0;1
186100;;;PEARLS;SEASHELLS;9998.0;1
186100;;;DIP;SEASHELLS;7100.0;8
186400;;;BAGUETTE;SEASHELLS;12394.0;6
186400;;;BANANAS;SEASHELLS;4784.0;1
186700;;;PEARLS;SEASHELLS;9995.0;2
186700;;;BANANAS;SEASHELLS;4785.0;2
187000;;;UKULELE;SEASHELLS;20687.0;5
187000;;;BANANAS;SEASHELLS;4791.0;1
187400;;;PINA_COLADAS;SEASHELLS;14838.0;20
187400;;;PEARLS;SEASHELLS;10002.0;2
187400;;;COCONUTS;SEASHELLS;7903.0;26
187600;;;BAGUETTE;SEASHELLS;12394.0;4
187700;;;DIP;SEASHELLS;7099.0;10
187800;;;UKULELE;SEASHELLS;20675.0;8
187800;;;BERRIES;SEASHELLS;3907.0;3
187900;;;PINA_COLADAS;SEASHELLS;14838.0;3
187900;;;UKULELE;SEASHELLS;20677.0;5
188000;;;PEARLS;SEASHELLS;9998.0;2
188200;;;PEARLS;SEASHELLS;9998.0;1
188400;;;BANANAS;SEASHELLS;4787.0;7
188600;;;DIVING_GEAR;SEASHELLS;99620.0;1
188700;;;PEARLS;SEASHELLS;9998.0;1
188800;;;BANANAS;SEASHELLS;4791.0;1
188800;;;BANANAS;SEASHELLS;4790.0;5
189000;;;PEARLS;SEASHELLS;9998.0;2
189100;;;BANANAS;SEASHELLS;4786.0;12
189100;;;BANANAS;SEASHELLS;4791.0;1
189200;;;UKULELE;SEASHELLS;20681.0;4
189300;;;BANANAS;SEASHELLS;4791.0;1
189400;;;DIP;SEASHELLS;7102.0;7
189700;;;PEARLS;SEASHELLS;10002.0;1
189700;;;BANANAS;SEASHELLS;4790.0;1
189800;;;DIP;SEASHELLS;7102.0;8
189800;;;DIVING_GEAR;SEASHELLS;99615.0;3
189900;;;DIVING_GEAR;SEASHELLS;99613.0;2
190000;;;BAGUETTE;SEASHELLS;12383.0;4
190200;;;PICNIC_BASKET;SEASHELLS;74062.0;1
190200;;;PICNIC_BASKET;SEASHELLS;74062.0;6
190200;;;DIP;SEASHELLS;7100.0;4
190300;;;PICNIC_BASKET;SEASHELLS;74049.0;1
190300;;;BAGUETTE;SEASHELLS;12380.0;5
190300;;;DIVING_GEAR;SEASHELLS;99632.0;1
190400;;;PEARLS;SEASHELLS;9998.0;2
190500;;;BANANAS;SEASHELLS;4790.0;2
190500;;;UKULELE;SEASHELLS;20671.0;3
190600;;;PICNIC_BASKET;SEASHELLS;74035.0;2
190700;;;BANANAS;SEASHELLS;4792.0;14
190800;;;BAGUETTE;SEASHELLS;12377.0;7
191100;;;DIP;SEASHELLS;7098.0;10
191200;;;BAGUETTE;SEASHELLS;12382.0;5
191300;;;DIVING_GEAR;SEASHELLS;99647.0;1
191300;;;BANANAS;SEASHELLS;4787.0;1
191400;;;BAGUETTE;SEASHELLS;12380.0;5
191400;;;PEARLS;SEASHELLS;9996.0;2
191400;;;PEARLS;SEASHELLS;9996.0;5
191500;;;BANANAS;SEASHELLS;4793.0;1
191500;;;PEARLS;SEASHELLS;10004.0;1
191500;;;DIP;SEASHELLS;7097.0;5
191600;;;UKULELE;SEASHELLS;20659.0;2
191700;;;BANANAS;SEASHELLS;4791.0;1
191800;;;DIP;SEASHELLS;7092.0;8
192000;;;UKULELE;SEASHELLS;20658.0;5
192000;;;BANANAS;SEASHELLS;4791.0;2
192100;;;BANANAS;SEASHELLS;4788.0;2
192100;;;BANANAS;SEASHELLS;4787.0;1
192200;;;PEARLS;SEASHELLS;10002.0;1
192600;;;PEARLS;SEASHELLS;10002.0;1
192600;;;PEARLS;SEASHELLS;10002.0;2
192600;;;DIVING_GEAR;SEASHELLS;99692.0;1
192700;;;UKULELE;SEASHELLS;20666.0;5
192800;;;BANANAS;SEASHELLS;4791.0;1
192900;;;BANANAS;SEASHELLS;4787.0;1
192900;;;PEARLS;SEASHELLS;9995.0;1
193000;;;PEARLS;SEASHELLS;10002.0;1
193000;;;COCONUTS;SEASHELLS;7910.0;8
193100;;;BANANAS;SEASHELLS;4788.0;2
193200;;;PEARLS;SEASHELLS;9998.0;1
193200;;;BAGUETTE;SEASHELLS;12371.0;5
193300;;;BAGUETTE;SEASHELLS;12371.0;6
193300;;;DIP;SEASHELLS;7099.0;9
193300;;;COCONUTS;SEASHELLS;7906.0;72
193300;;;COCONUTS;SEASHELLS;7906.0;5
193500;;;BAGUETTE;SEASHELLS;12373.0;3
193600;;;PEARLS;SEASHELLS;9998.0;1
193700;;;PEARLS;SEASHELLS;10002.0;1
193800;;;PEARLS;SEASHELLS;9996.0;11
193800;;;PEARLS;SEASHELLS;9996.0;1
194000;;;DIP;SEASHELLS;7098.0;4
194000;;;UKULELE;SEASHELLS;20680.0;3
194000;;;BANANAS;SEASHELLS;4792.0;19
194000;;;BANANAS;SEASHELLS;4786.0;1
194000;;;BAGUETTE;SEASHELLS;12374.0;4
194200;;;BANANAS;SEASHELLS;4793.0;16
194300;;;PEARLS;SEASHELLS;9998.0;6
194300;;;DIP;SEASHELLS;7098.0;8
194400;;;BAGUETTE;SEASHELLS;12372.0;10
194500;;;PEARLS;SEASHELLS;10002.0;1
194500;;;DIVING_GEAR;SEASHELLS;99704.0;1
194500;;;UKULELE;SEASHELLS;20682.0;4
194800;;;DIVING_GEAR;SEASHELLS;99696.0;1
195000;;;PEARLS;SEASHELLS;9996.0;1
195100;;;BANANAS;SEASHELLS;4786.0;9
195700;;;BANANAS;SEASHELLS;4785.0;3
195700;;;UKULELE;SEASHELLS;20672.0;2
195700;;;PEARLS;SEASHELLS;9998.0;1
195700;;;BANANAS;SEASHELLS;4785.0;6
195800;;;BANANAS;SEASHELLS;4785.0;2
195800;;;BANANAS;SEASHELLS;4785.0;10
195800;;;PEARLS;SEASHELLS;9998.0;1
196000;;;DIVING_GEAR;SEASHELLS;99710.0;2
196100;;;PEARLS;SEASHELLS;10004.0;1
196100;;;BANANAS;SEASHELLS;4791.0;1
196300;;;PINA_COLADAS;SEASHELLS;14849.0;11
196500;;;PEARLS;SEASHELLS;10002.0;1
196600;;;PICNIC_BASKET;SEASHELLS;73984.0;1
196700;;;PEARLS;SEASHELLS;9998.0;4
196700;;;DIP;SEASHELLS;7094.0;5
196800;;;PEARLS;SEASHELLS;10002.0;3
196800;;;BANANAS;SEASHELLS;4784.0;2
197000;;;BAGUETTE;SEASHELLS;12364.0;6
197000;;;UKULELE;SEASHELLS;20678.0;5
197100;;;DIP;SEASHELLS;7092.0;6
197100;;;PEARLS;SEASHELLS;10002.0;1
197100;;;BANANAS;SEASHELLS;4783.0;2
197200;;;DIP;SEASHELLS;7092.0;7
197200;;;DIVING_GEAR;SEASHELLS;99698.0;2
197300;;;DIVING_GEAR;SEASHELLS;99703.0;1
197500;;;BANANAS;SEASHELLS;4790.0;1
197500;;;PEARLS;SEASHELLS;10004.0;1
197500;;;UKULELE;SEASHELLS;20684.0;5
197500;;;PEARLS;SEASHELLS;10004.0;1
197500;;;BANANAS;SEASHELLS;4790.0;1
197600;;;PINA_COLADAS;SEASHELLS;14857.0;4
197600;;;PEARLS;SEASHELLS;9998.0;1
197700;;;BANANAS;SEASHELLS;4791.0;10
197700;;;BANANAS;SEASHELLS;4785.0;1
197900;;;DIP;SEASHELLS;7094.0;6
198000;;;PEARLS;SEASHELLS;10002.0;6
198100;;;PEARLS;SEASHELLS;10002.0;1
198200;;;BANANAS;SEASHELLS;4789.0;1
198300;;;PEARLS;SEASHELLS;10005.0;2
198300;;;BANANAS;SEASHELLS;4791.0;2
198400;;;BANANAS;SEASHELLS;4789.0;1
198500;;;BANANAS;SEASHELLS;4784.0;15
198800;;;DIP;SEASHELLS;7097.0;6
199100;;;BERRIES;SEASHELLS;3908.0;3
199400;;;DIP;SEASHELLS;7092.0;8
199600;;;BANANAS;SEASHELLS;4788.0;4
199800;;;BANANAS;SEASHELLS;4782.0;1
200300;;;DIP;SEASHELLS;7091.0;12
200700;;;PEARLS;SEASHELLS;10002.0;1
200700;;;UKULELE;SEASHELLS;20704.0;5
201200;;;PEARLS;SEASHELLS;9998.0;3
201200;;;PEARLS;SEASHELLS;10005.0;8
201300;;;DIP;SEASHELLS;7093.0;10
201300;;;BAGUETTE;SEASHELLS;12348.0;5
201400;;;DIP;SEASHELLS;7091.0;6
201600;;;PEARLS;SEASHELLS;10004.0;1
201600;;;BANANAS;SEASHELLS;4786.0;1
201700;;;PEARLS;SEASHELLS;9998.0;3
201700;;;PEARLS;SEASHELLS;9998.0;1
201700;;;BAGUETTE;SEASHELLS;12352.0;5
201800;;;DIVING_GEAR;SEASHELLS;99752.0;3
201800;;;PEARLS;SEASHELLS;9998.0;2
201800;;;UKULELE;SEASHELLS;20691.0;5
202000;;;BANANAS;SEASHELLS;4779.0;1
202200;;;COCONUTS;SEASHELLS;7912.0;10
202300;;;PEARLS;SEASHELLS;9998.0;1
202400;;;PICNIC_BASKET;SEASHELLS;73971.0;2
202900;;;DIP;SEASHELLS;7090.0;5
203000;;;PINA_COLADAS;SEASHELLS;14841.0;23
203200;;;DIP;SEASHELLS;7093.0;6
203300;;;PICNIC_BASKET;SEASHELLS;73988.0;2
203300;;;PICNIC_BASKET;SEASHELLS;73989.0;1
203400;;;BERRIES;SEASHELLS;3911.0;14
203400;;;PEARLS;SEASHELLS;9998.0;1
203500;;;BANANAS;SEASHELLS;4783.0;1
203500;;;UKULELE;SEASHELLS;20709.0;1
203600;;;COCONUTS;SEASHELLS;7912.0;5
203700;;;PEARLS;SEASHELLS;9996.0;2
203700;;;BANANAS;SEASHELLS;4784.0;2
204000;;;PEARLS;SEASHELLS;10002.0;1
204000;;;BAGUETTE;SEASHELLS;12355.0;4
204200;;;BANANAS;SEASHELLS;4785.0;3
204400;;;PINA_COLADAS;SEASHELLS;14851.0;13
204500;;;PEARLS;SEASHELLS;10002.0;1
204800;;;BANANAS;SEASHELLS;4783.0;1
204900;;;BANANAS;SEASHELLS;4783.0;1
205000;;;BANANAS;SEASHELLS;4784.0;2
205100;;;BANANAS;SEASHELLS;4781.0;1
205100;;;PEARLS;SEASHELLS;9995.0;1
205200;;;BANANAS;SEASHELLS;4781.0;1
205300;;;DIP;SEASHELLS;7099.0;6
205400;;;DIVING_GEAR;SEASHELLS;99754.0;2
205500;;;DIP;SEASHELLS;7098.0;4
205600;;;BANANAS;SEASHELLS;4788.0;2
205600;;;PEARLS;SEASHELLS;10005.0;2
205700;;;PICNIC_BASKET;SEASHELLS;73913.0;5
205800;;;PEARLS;SEASHELLS;9998.0;1
206000;;;DIP;SEASHELLS;7095.0;6
206200;;;DIP;SEASHELLS;7091.0;8
206300;;;BANANAS;SEASHELLS;4783.0;5
206300;;;BAGUETTE;SEASHELLS;12341.0;7
206300;;;PEARLS;SEASHELLS;9998.0;2
206500;;;PICNIC_BASKET;SEASHELLS;73858.0;2
206500;;;BAGUETTE;SEASHELLS;12338.0;4
206700;;;BAGUETTE;SEASHELLS;12340.0;5
206900;;;BERRIES;SEASHELLS;3915.0;2
207300;;;PICNIC_BASKET;SEASHELLS;73857.0;2
207300;;;PEARLS;SEASHELLS;9998.0;1
207300;;;UKULELE;SEASHELLS;20681.0;2
207300;;;PICNIC_BASKET;SEASHELLS;73856.0;3
207400;;;UKULELE;SEASHELLS;20681.0;4
207400;;;BAGUETTE;SEASHELLS;12337.0;7
207700;;;UKULELE;SEASHELLS;20692.0;4
207800;;;BANANAS;SEASHELLS;4784.0;3
207800;;;BERRIES;SEASHELLS;3907.0;1
207800;;;BANANAS;SEASHELLS;4785.0;1
207900;;;BANANAS;SEASHELLS;4790.0;2
208000;;;COCONUTS;SEASHELLS;7912.0;52
208100;;;BAGUETTE;SEASHELLS;12333.0;4
208100;;;BAGUETTE;SEASHELLS;12331.0;6
208100;;;BANANAS;SEASHELLS;4785.0;1
208100;;;UKULELE;SEASHELLS;20697.0;5
208200;;;PICNIC_BASKET;SEASHELLS;73832.0;2
208200;;;PICNIC_BASKET;SEASHELLS;73831.0;3
208500;;;PEARLS;SEASHELLS;9996.0;1
208500;;;PICNIC_BASKET;SEASHELLS;73824.0;1
208700;;;PICNIC_BASKET;SEASHELLS;73831.0;6
208700;;;PICNIC_BASKET;SEASHELLS;73832.0;2
208800;;;BANANAS;SEASHELLS;4785.0;1
208900;;;PICNIC_BASKET;SEASHELLS;73862.0;9
209000;;;UKULELE;SEASHELLS;20691.0;2
209000;;;DIP;SEASHELLS;7087.0;9
209100;;;PICNIC_BASKET;SEASHELLS;73856.0;2
209200;;;PEARLS;SEASHELLS;10002.0;1
209200;;;UKULELE;SEASHELLS;20696.0;2
209200;;;PINA_COLADAS;SEASHELLS;14850.0;2
209200;;;DIP;SEASHELLS;7087.0;7
209400;;;BANANAS;SEASHELLS;4786.0;1
209700;;;PEARLS;SEASHELLS;10004.0;1
209800;;;BERRIES;SEASHELLS;3916.0;9
209800;;;PEARLS;SEASHELLS;9998.0;1
209900;;;PEARLS;SEASHELLS;10004.0;1
209900;;;DIVING_GEAR;SEASHELLS;99778.0;3
209900;;;PEARLS;SEASHELLS;10004.0;1
209900;;;BANANAS;SEASHELLS;4785.0;1
210200;;;UKULELE;SEASHELLS;20696.0;4
210200;;;BAGUETTE;SEASHELLS;12337.0;7
210300;;;BERRIES;SEASHELLS;3916.0;7
210300;;;PICNIC_BASKET;SEASHELLS;73878.0;4
210300;;;BAGUETTE;SEASHELLS;12341.0;6
210300;;;PICNIC_BASKET;SEASHELLS;73878.0;1
210700;;;BANANAS;SEASHELLS;4789.0;20
210700;;;BANANAS;SEASHELLS;4783.0;1
210800;;;BANANAS;SEASHELLS;4784.0;1
210800;;;BANANAS;SEASHELLS;4788.0;12
210900;;;BANANAS;SEASHELLS;4790.0;1
210900;;;PEARLS;SEASHELLS;9998.0;1
211000;;;COCONUTS;SEASHELLS;7913.0;9
211000;;;PEARLS;SEASHELLS;9998.0;2
211100;;;BAGUETTE;SEASHELLS;12339.0;5
211400;;;UKULELE;SEASHELLS;20696.0;5
211400;;;COCONUTS;SEASHELLS;7912.0;59
211800;;;DIP;SEASHELLS;7079.0;7
211900;;;DIP;SEASHELLS;7078.0;9
211900;;;BANANAS;SEASHELLS;4780.0;2
211900;;;PEARLS;SEASHELLS;9996.0;1
211900;;;PEARLS;SEASHELLS;9996.0;1
212100;;;BANANAS;SEASHELLS;4785.0;1
212100;;;PEARLS;SEASHELLS;10002.0;1
212200;;;DIP;SEASHELLS;7083.0;8
212300;;;UKULELE;SEASHELLS;20705.0;1
212300;;;PICNIC_BASKET;SEASHELLS;73803.0;2
212300;;;DIVING_GEAR;SEASHELLS;99793.0;3
212500;;;PEARLS;SEASHELLS;9998.0;1
212600;;;PEARLS;SEASHELLS;10002.0;2
212600;;;BANANAS;SEASHELLS;4780.0;1
212800;;;UKULELE;SEASHELLS;20694.0;1
212900;;;BANANAS;SEASHELLS;4785.0;1
213200;;;BANANAS;SEASHELLS;4787.0;13
213200;;;BAGUETTE;SEASHELLS;12338.0;6
213500;;;COCONUTS;SEASHELLS;7915.0;40
213500;;;COCONUTS;SEASHELLS;7915.0;17
213600;;;BAGUETTE;SEASHELLS;12336.0;3
213600;;;UKULELE;SEASHELLS;20709.0;5
213700;;;PEARLS;SEASHELLS;10004.0;2
213700;;;DIP;SEASHELLS;7086.0;5
213800;;;PEARLS;SEASHELLS;10002.0;1
213900;;;BANANAS;SEASHELLS;4781.0;1
213900;;;BANANAS;SEASHELLS;4781.0;6
214000;;;PEARLS;SEASHELLS;9998.0;1
214000;;;BANANAS;SEASHELLS;4780.0;1
214200;;;PEARLS;SEASHELLS;10002.0;1
214200;;;BERRIES;SEASHELLS;3904.0;6
214400;;;DIP;SEASHELLS;7092.0;6
214400;;;BAGUETTE;SEASHELLS;12342.0;4
214600;;;BANANAS;SEASHELLS;4785.0;1
214600;;;PEARLS;SEASHELLS;9998.0;9
214600;;;PEARLS;SEASHELLS;10005.0;1
214600;;;BANANAS;SEASHELLS;4785.0;3
215300;;;BANANAS;SEASHELLS;4780.0;1
215300;;;BAGUETTE;SEASHELLS;12343.0;6
215400;;;BANANAS;SEASHELLS;4780.0;20
215500;;;PEARLS;SEASHELLS;9998.0;4
215500;;;BANANAS;SEASHELLS;4780.0;4
215800;;;PEARLS;SEASHELLS;9998.0;1
216000;;;BANANAS;SEASHELLS;4781.0;8
216100;;;BANANAS;SEASHELLS;4779.0;13
216200;;;DIVING_GEAR;SEASHELLS;99876.0;1
216500;;;BANANAS;SEASHELLS;4780.0;8
216600;;;BAGUETTE;SEASHELLS;12343.0;7
216900;;;BAGUETTE;SEASHELLS;12341.0;8
217000;;;PEARLS;SEASHELLS;9998.0;1
217000;;;PINA_COLADAS;SEASHELLS;14821.0;4
217100;;;BANANAS;SEASHELLS;4783.0;2
217100;;;DIP;SEASHELLS;7080.0;9
217100;;;DIVING_GEAR;SEASHELLS;99859.0;2
217300;;;BANANAS;SEASHELLS;4786.0;5
217300;;;BANANAS;SEASHELLS;4786.0;2
217300;;;BERRIES;SEASHELLS;3904.0;9
217300;;;BANANAS;SEASHELLS;4786.0;1
217300;;;BANANAS;SEASHELLS;4786.0;0
217600;;;BANANAS;SEASHELLS;4782.0;3
217800;;;UKULELE;SEASHELLS;20712.0;4
217900;;;BANANAS;SEASHELLS;4786.0;1
218000;;;UKULELE;SEASHELLS;20715.0;1
218100;;;COCONUTS;SEASHELLS;7906.0;21
218200;;;BANANAS;SEASHELLS;4781.0;1
218200;;;PEARLS;SEASHELLS;9996.0;1
218300;;;BANANAS;SEASHELLS;4780.0;3
218400;;;PICNIC_BASKET;SEASHELLS;73729.0;1
218400;;;PICNIC_BASKET;SEASHELLS;73728.0;5
218400;;;BANANAS;SEASHELLS;4787.0;1
218400;;;PEARLS;SEASHELLS;10004.0;1
218400;;;BANANAS;SEASHELLS;4781.0;1
218500;;;BANANAS;SEASHELLS;4781.0;1
218800;;;UKULELE;SEASHELLS;20712.0;5
218900;;;BAGUETTE;SEASHELLS;12334.0;4
219000;;;BANANAS;SEASHELLS;4782.0;1
219000;;;BERRIES;SEASHELLS;3913.0;10
219100;;;BANANAS;SEASHELLS;4786.0;1
219200;;;BAGUETTE;SEASHELLS;12330.0;9
219300;;;DIP;SEASHELLS;7089.0;7
219300;;;PEARLS;SEASHELLS;10005.0;7
219400;;;COCONUTS;SEASHELLS;7904.0;5
219500;;;DIVING_GEAR;SEASHELLS;99890.0;1
219900;;;PICNIC_BASKET;SEASHELLS;73756.0;7
219900;;;PICNIC_BASKET;SEASHELLS;73757.0;1
220100;;;DIP;SEASHELLS;7088.0;5
220400;;;UKULELE;SEASHELLS;20713.0;5
220600;;;PEARLS;SEASHELLS;10004.0;2
220700;;;BANANAS;SEASHELLS;4782.0;1
220700;;;DIVING_GEAR;SEASHELLS;99883.0;3
220800;;;COCONUTS;SEASHELLS;7907.0;44
220900;;;DIP;SEASHELLS;7095.0;3
221200;;;BANANAS;SEASHELLS;4786.0;1
221400;;;PINA_COLADAS;SEASHELLS;14838.0;4
221500;;;BANANAS;SEASHELLS;4781.0;1
221500;;;PEARLS;SEASHELLS;9996.0;1
221600;;;BERRIES;SEASHELLS;3904.0;3
221600;;;PICNIC_BASKET;SEASHELLS;73752.0;4
221700;;;BANANAS;SEASHELLS;4781.0;1
221900;;;DIVING_GEAR;SEASHELLS;99888.0;2
221900;;;UKULELE;SEASHELLS;20708.0;1
222100;;;DIVING_GEAR;SEASHELLS;99889.0;2
222200;;;BAGUETTE;SEASHELLS;12314.0;7
222200;;;UKULELE;SEASHELLS;20711.0;1
222300;;;PINA_COLADAS;SEASHELLS;14830.0;5
222400;;;DIVING_GEAR;SEASHELLS;99921.0;3
222400;;;PEARLS;SEASHELLS;10004.0;1
222400;;;BANANAS;SEASHELLS;4786.0;1
222500;;;BANANAS;SEASHELLS;4786.0;1
222600;;;BANANAS;SEASHELLS;4787.0;7
222600;;;BAGUETTE;SEASHELLS;12314.0;8
222800;;;BANANAS;SEASHELLS;4785.0;1
222900;;;BANANAS;SEASHELLS;4781.0;1
222900;;;UKULELE;SEASHELLS;20710.0;3
223000;;;PEARLS;SEASHELLS;10002.0;3
223100;;;UKULELE;SEASHELLS;20713.0;4
223200;;;PEARLS;SEASHELLS;9996.0;2
223200;;;PEARLS;SEASHELLS;9996.0;7
223300;;;BANANAS;SEASHELLS;4780.0;1
223400;;;BANANAS;SEASHELLS;4787.0;8
223500;;;DIVING_GEAR;SEASHELLS;99913.0;2
223700;;;DIVING_GEAR;SEASHELLS;99923.0;3
223900;;;BAGUETTE;SEASHELLS;12324.0;7
223900;;;DIP;SEASHELLS;7095.0;10
223900;;;BAGUETTE;SEASHELLS;12323.0;5
224200;;;PEARLS;SEASHELLS;10002.0;1
224300;;;DIP;SEASHELLS;7096.0;8
224400;;;DIP;SEASHELLS;7096.0;12
224500;;;BERRIES;SEASHELLS;3908.0;6
224700;;;DIP;SEASHELLS;7096.0;7
224800;;;BANANAS;SEASHELLS;4781.0;1
225000;;;BAGUETTE;SEASHELLS;12322.0;8
225300;;;DIP;SEASHELLS;7095.0;5
225400;;;DIP;SEASHELLS;7092.0;8
225600;;;PEARLS;SEASHELLS;9998.0;1
225700;;;UKULELE;SEASHELLS;20747.0;2
225800;;;COCONUTS;SEASHELLS;7907.0;42
226200;;;PEARLS;SEASHELLS;9998.0;4
226300;;;PEARLS;SEASHELLS;9998.0;3
226400;;;PICNIC_BASKET;SEASHELLS;73804.0;1
226400;;;PICNIC_BASKET;SEASHELLS;73804.0;1
226400;;;DIVING_GEAR;SEASHELLS;99903.0;3
226600;;;PEARLS;SEASHELLS;9998.0;1
226700;;;UKULELE;SEASHELLS;20737.0;2
226800;;;BANANAS;SEASHELLS;4787.0;15
226900;;;DIVING_GEAR;SEASHELLS;99934.0;2
227000;;;BANANAS;SEASHELLS;4786.0;2
227000;;;PEARLS;SEASHELLS;10002.0;2
227000;;;BANANAS;SEASHELLS;4781.0;19
227400;;;DIP;SEASHELLS;7096.0;10
227400;;;PEARLS;SEASHELLS;9996.0;2
227400;;;BANANAS;SEASHELLS;4787.0;1
227500;;;PEARLS;SEASHELLS;9998.0;1
227500;;;PEARLS;SEASHELLS;9998.0;4
227600;;;BANANAS;SEASHELLS;4784.0;1
227700;;;UKULELE;SEASHELLS;20743.0;2
227700;;;BAGUETTE;SEASHELLS;12326.0;4
227700;;;DIVING_GEAR;SEASHELLS;99928.0;3
227800;;;DIP;SEASHELLS;7098.0;9
227800;;;BAGUETTE;SEASHELLS;12325.0;4
228000;;;DIVING_GEAR;SEASHELLS;99914.0;2
228200;;;DIVING_GEAR;SEASHELLS;99910.0;1
228200;;;PEARLS;SEASHELLS;9998.0;1
228300;;;BANANAS;SEASHELLS;4781.0;2
228300;;;BERRIES;SEASHELLS;3905.0;15
228300;;;PEARLS;SEASHELLS;9996.0;2
228700;;;UKULELE;SEASHELLS;20738.0;2
228900;;;BAGUETTE;SEASHELLS;12318.0;8
229300;;;PEARLS;SEASHELLS;10002.0;1
229400;;;UKULELE;SEASHELLS;20740.0;4
230000;;;COCONUTS;SEASHELLS;7898.0;8
230100;;;BANANAS;SEASHELLS;4783.0;1
230100;;;PEARLS;SEASHELLS;9995.0;2
230100;;;BANANAS;SEASHELLS;4783.0;2
230200;;;BAGUETTE;SEASHELLS;12319.0;7
230600;;;DIVING_GEAR;SEASHELLS;99974.0;3
230600;;;BANANAS;SEASHELLS;4789.0;5
230700;;;DIVING_GEAR;SEASHELLS;99972.0;3
230800;;;BAGUETTE;SEASHELLS;12317.0;6
230900;;;BERRIES;SEASHELLS;3903.0;7
230900;;;PICNIC_BASKET;SEASHELLS;73809.0;6
230900;;;BANANAS;SEASHELLS;4785.0;1
231200;;;DIVING_GEAR;SEASHELLS;99972.0;1
231300;;;PEARLS;SEASHELLS;9998.0;5
231500;;;PICNIC_BASKET;SEASHELLS;73724.0;1
231500;;;PICNIC_BASKET;SEASHELLS;73723.0;1
231600;;;PICNIC_BASKET;SEASHELLS;73736.0;1
231700;;;UKULELE;SEASHELLS;20734.0;1
231800;;;BERRIES;SEASHELLS;3901.0;2
231800;;;BAGUETTE;SEASHELLS;12313.0;7
231800;;;DIP;SEASHELLS;7090.0;3
231900;;;BANANAS;SEASHELLS;4784.0;1
232000;;;PINA_COLADAS;SEASHELLS;14830.0;9
232000;;;UKULELE;SEASHELLS;20735.0;2
232700;;;PEARLS;SEASHELLS;9996.0;1
232700;;;PINA_COLADAS;SEASHELLS;14829.0;34
232700;;;DIP;SEASHELLS;7094.0;5
232700;;;BANANAS;SEASHELLS;4783.0;2
232800;;;BANANAS;SEASHELLS;4788.0;1
232800;;;DIVING_GEAR;SEASHELLS;99952.0;3
232900;;;PEARLS;SEASHELLS;10002.0;1
232900;;;BANANAS;SEASHELLS;4783.0;1
233200;;;DIP;SEASHELLS;7095.0;8
233200;;;BANANAS;SEASHELLS;4790.0;7
233200;;;BANANAS;SEASHELLS;4790.0;2
233200;;;PEARLS;SEASHELLS;10004.0;2
233500;;;COCONUTS;SEASHELLS;7894.0;6
233600;;;BERRIES;SEASHELLS;3909.0;15
233600;;;UKULELE;SEASHELLS;20740.0;5
233700;;;BANANAS;SEASHELLS;4788.0;1
233700;;;PINA_COLADAS;SEASHELLS;14828.0;22
233900;;;PICNIC_BASKET;SEASHELLS;73886.0;2
233900;;;PICNIC_BASKET;SEASHELLS;73886.0;6
234200;;;PEARLS;SEASHELLS;9996.0;2
234200;;;BANANAS;SEASHELLS;4783.0;2
234300;;;PICNIC_BASKET;SEASHELLS;73891.0;8
234300;;;PEARLS;SEASHELLS;9998.0;1
234400;;;BERRIES;SEASHELLS;3905.0;14
234400;;;BANANAS;SEASHELLS;4788.0;1
234600;;;BAGUETTE;SEASHELLS;12327.0;7
234600;;;PICNIC_BASKET;SEASHELLS;73863.0;1
234800;;;PEARLS;SEASHELLS;9998.0;1
234900;;;BAGUETTE;SEASHELLS;12320.0;5
234900;;;DIVING_GEAR;SEASHELLS;99952.0;1
235300;;;UKULELE;SEASHELLS;20747.0;3
235700;;;PINA_COLADAS;SEASHELLS;14831.0;4
235800;;;DIP;SEASHELLS;7099.0;8
235900;;;PICNIC_BASKET;SEASHELLS;73884.0;2
236000;;;UKULELE;SEASHELLS;20743.0;8
236200;;;BAGUETTE;SEASHELLS;12319.0;8
236400;;;BAGUETTE;SEASHELLS;12320.0;5
236900;;;DIVING_GEAR;SEASHELLS;99895.0;2
237000;;;DIP;SEASHELLS;7099.0;4
237000;;;BANANAS;SEASHELLS;4784.0;1
237100;;;BANANAS;SEASHELLS;4784.0;2
237100;;;PEARLS;SEASHELLS;10005.0;2
237100;;;BANANAS;SEASHELLS;4784.0;8
237200;;;PEARLS;SEASHELLS;10004.0;1
237200;;;DIP;SEASHELLS;7099.0;4
237200;;;PEARLS;SEASHELLS;10004.0;8
237300;;;PEARLS;SEASHELLS;9998.0;5
237400;;;UKULELE;SEASHELLS;20746.0;5
237400;;;BERRIES;SEASHELLS;3901.0;9
237400;;;BAGUETTE;SEASHELLS;12314.0;4
237500;;;DIVING_GEAR;SEASHELLS;99908.0;2
237500;;;UKULELE;SEASHELLS;20747.0;3
237600;;;DIVING_GEAR;SEASHELLS;99908.0;1
238100;;;BAGUETTE;SEASHELLS;12316.0;7
238200;;;BERRIES;SEASHELLS;3893.0;5
238200;;;BANANAS;SEASHELLS;4785.0;1
238700;;;DIP;SEASHELLS;7101.0;6
238800;;;PEARLS;SEASHELLS;10004.0;1
238800;;;UKULELE;SEASHELLS;20737.0;2
238800;;;BANANAS;SEASHELLS;4786.0;1
238800;;;COCONUTS;SEASHELLS;7886.0;5
238800;;;BANANAS;SEASHELLS;4792.0;1
238900;;;DIP;SEASHELLS;7100.0;10
239000;;;PEARLS;SEASHELLS;9998.0;1
239000;;;BAGUETTE;SEASHELLS;12316.0;7
239000;;;PEARLS;SEASHELLS;9998.0;3
239100;;;UKULELE;SEASHELLS;20735.0;3
239100;;;PEARLS;SEASHELLS;10002.0;1
239200;;;BANANAS;SEASHELLS;4786.0;2
239200;;;PEARLS;SEASHELLS;9998.0;2
239200;;;DIP;SEASHELLS;7102.0;11
239300;;;DIVING_GEAR;SEASHELLS;99892.0;1
239500;;;BANANAS;SEASHELLS;4785.0;1
239900;;;PEARLS;SEASHELLS;9998.0;2
239900;;;BANANAS;SEASHELLS;4792.0;3
239900;;;DIVING_GEAR;SEASHELLS;99889.0;1
239900;;;BANANAS;SEASHELLS;4786.0;2
240000;;;PEARLS;SEASHELLS;9998.0;1
240100;;;BAGUETTE;SEASHELLS;12324.0;6
240200;;;BERRIES;SEASHELLS;3891.0;10
240200;;;DIP;SEASHELLS;7101.0;8
240300;;;BANANAS;SEASHELLS;4790.0;1
240400;;;PEARLS;SEASHELLS;9996.0;2
240400;;;PEARLS;SEASHELLS;9996.0;10
240400;;;BANANAS;SEASHELLS;4785.0;1
240600;;;DIP;SEASHELLS;7104.0;9
240700;;;BERRIES;SEASHELLS;3889.0;13
240700;;;DIP;SEASHELLS;7103.0;4
240800;;;DIP;SEASHELLS;7101.0;6
240900;;;BANANAS;SEASHELLS;4786.0;2
241000;;;BERRIES;SEASHELLS;3889.0;13
241200;;;BANANAS;SEASHELLS;4786.0;1
241400;;;BERRIES;SEASHELLS;3890.0;2
241500;;;BERRIES;SEASHELLS;3890.0;20
241600;;;BERRIES;SEASHELLS;3889.0;10
241600;;;UKULELE;SEASHELLS;20748.0;5
241600;;;PICNIC_BASKET;SEASHELLS;73962.0;2
241700;;;PEARLS;SEASHELLS;9998.0;1
241800;;;BERRIES;SEASHELLS;3889.0;12
241900;;;BANANAS;SEASHELLS;4784.0;1
241900;;;DIVING_GEAR;SEASHELLS;99861.0;1
242100;;;BAGUETTE;SEASHELLS;12322.0;3
242300;;;BAGUETTE;SEASHELLS;12323.0;5
242600;;;BANANAS;SEASHELLS;4786.0;2
242600;;;PEARLS;SEASHELLS;9998.0;2
243000;;;PEARLS;SEASHELLS;9995.0;1
243000;;;PEARLS;SEASHELLS;9995.0;4
243000;;;PINA_COLADAS;SEASHELLS;14821.0;5
243000;;;BANANAS;SEASHELLS;4785.0;1
243100;;;BAGUETTE;SEASHELLS;12321.0;6
243100;;;UKULELE;SEASHELLS;20757.0;2
243200;;;BANANAS;SEASHELLS;4786.0;4
243200;;;PICNIC_BASKET;SEASHELLS;74032.0;1
243300;;;UKULELE;SEASHELLS;20751.0;4
243300;;;DIVING_GEAR;SEASHELLS;99837.0;1
243400;;;PEARLS;SEASHELLS;10002.0;1
243400;;;BANANAS;SEASHELLS;4786.0;1
243400;;;BANANAS;SEASHELLS;4785.0;3
243500;;;UKULELE;SEASHELLS;20748.0;2
243500;;;BANANAS;SEASHELLS;4790.0;1
243700;;;BERRIES;SEASHELLS;3894.0;14
243900;;;UKULELE;SEASHELLS;20748.0;8
244000;;;DIVING_GEAR;SEASHELLS;99823.0;1
244000;;;PEARLS;SEASHELLS;9998.0;6
244500;;;BANANAS;SEASHELLS;4791.0;1
244500;;;DIP;SEASHELLS;7103.0;8
244500;;;PEARLS;SEASHELLS;10004.0;1
244500;;;BANANAS;SEASHELLS;4790.0;1
244800;;;PEARLS;SEASHELLS;9998.0;6
244800;;;BANANAS;SEASHELLS;4784.0;1
244800;;;DIVING_GEAR;SEASHELLS;99822.0;2
244900;;;UKULELE;SEASHELLS;20754.0;1
245100;;;PEARLS;SEASHELLS;10005.0;2
245100;;;BANANAS;SEASHELLS;4785.0;1
245200;;;DIP;SEASHELLS;7107.0;7
245200;;;UKULELE;SEASHELLS;20742.0;3
245400;;;PEARLS;SEASHELLS;10004.0;8
245400;;;PEARLS;SEASHELLS;10004.0;2
245500;;;BANANAS;SEASHELLS;4791.0;15
245500;;;PEARLS;SEASHELLS;10002.0;2
245600;;;UKULELE;SEASHELLS;20743.0;5
245600;;;DIP;SEASHELLS;7101.0;7
245900;;;DIP;SEASHELLS;7103.0;6
245900;;;BANANAS;SEASHELLS;4791.0;1
245900;;;PEARLS;SEASHELLS;10002.0;1
245900;;;PEARLS;SEASHELLS;10005.0;1
246100;;;PEARLS;SEASHELLS;10005.0;8
246100;;;PICNIC_BASKET;SEASHELLS;74037.0;7
246200;;;DIP;SEASHELLS;7100.0;6
246300;;;PEARLS;SEASHELLS;10002.0;1
246400;;;BANANAS;SEASHELLS;4784.0;1
246500;;;UKULELE;SEASHELLS;20728.0;1
246500;;;PEARLS;SEASHELLS;9998.0;1
246700;;;BANANAS;SEASHELLS;4783.0;1
246700;;;BANANAS;SEASHELLS;4784.0;3
247100;;;BANANAS;SEASHELLS;4789.0;1
247100;;;BERRIES;SEASHELLS;3889.0;2
247100;;;PEARLS;SEASHELLS;10000.0;1
247300;;;DIP;SEASHELLS;7096.0;8
247400;;;BANANAS;SEASHELLS;4789.0;1
247600;;;DIP;SEASHELLS;7097.0;3
247700;;;DIP;SEASHELLS;7098.0;3
247700;;;BANANAS;SEASHELLS;4789.0;5
248000;;;BANANAS;SEASHELLS;4784.0;16
248100;;;BANANAS;SEASHELLS;4791.0;1
248100;;;PINA_COLADAS;SEASHELLS;14824.0;2
248100;;;PEARLS;SEASHELLS;10005.0;1
248200;;;BERRIES;SEASHELLS;3885.0;6
248200;;;PINA_COLADAS;SEASHELLS;14825.0;2
248200;;;UKULELE;SEASHELLS;20731.0;5
248200;;;BANANAS;SEASHELLS;4785.0;1
248300;;;BANANAS;SEASHELLS;4790.0;1
248400;;;PICNIC_BASKET;SEASHELLS;74045.0;4
248400;;;PICNIC_BASKET;SEASHELLS;74050.0;1
248500;;;BAGUETTE;SEASHELLS;12325.0;6
248500;;;BANANAS;SEASHELLS;4786.0;8
248500;;;BANANAS;SEASHELLS;4786.0;1
248700;;;PEARLS;SEASHELLS;10005.0;3
248900;;;BAGUETTE;SEASHELLS;12323.0;6
249100;;;BANANAS;SEASHELLS;4792.0;14
249200;;;DIVING_GEAR;SEASHELLS;99831.0;3
249200;;;COCONUTS;SEASHELLS;7885.0;9
249300;;;DIP;SEASHELLS;7103.0;8
249500;;;UKULELE;SEASHELLS;20740.0;4
249700;;;BANANAS;SEASHELLS;4789.0;1
249900;;;BERRIES;SEASHELLS;3887.0;15
250000;;;PICNIC_BASKET;SEASHELLS;74049.0;4
250000;;;PICNIC_BASKET;SEASHELLS;74050.0;1
250000;;;DIP;SEASHELLS;7105.0;10
250100;;;BANANAS;SEASHELLS;4784.0;18
250200;;;BANANAS;SEASHELLS;4791.0;4
250300;;;DIP;SEASHELLS;7106.0;4
250400;;;BERRIES;SEASHELLS;3892.0;19
250400;;;BERRIES;SEASHELLS;3892.0;11
250400;;;PICNIC_BASKET;SEASHELLS;74082.0;2
250700;;;BANANAS;SEASHELLS;4789.0;1
250700;;;BAGUETTE;SEASHELLS;12340.0;5
250800;;;UKULELE;SEASHELLS;20734.0;1
250800;;;DIP;SEASHELLS;7107.0;5
250900;;;UKULELE;SEASHELLS;20735.0;1
250900;;;BAGUETTE;SEASHELLS;12339.0;6
250900;;;PICNIC_BASKET;SEASHELLS;74101.0;2
250900;;;PICNIC_BASKET;SEASHELLS;74101.0;6
250900;;;BERRIES;SEASHELLS;3891.0;7
251100;;;BANANAS;SEASHELLS;4783.0;1
251200;;;BAGUETTE;SEASHELLS;12333.0;8
251300;;;BANANAS;SEASHELLS;4783.0;1
251300;;;PEARLS;SEASHELLS;9998.0;1
251400;;;PEARLS;SEASHELLS;9998.0;1
251500;;;PEARLS;SEASHELLS;9998.0;1
251600;;;BANANAS;SEASHELLS;4782.0;1
251600;;;BAGUETTE;SEASHELLS;12333.0;6
251900;;;BANANAS;SEASHELLS;4782.0;1
251900;;;DIVING_GEAR;SEASHELLS;99863.0;3
252000;;;UKULELE;SEASHELLS;20719.0;5
252000;;;UKULELE;SEASHELLS;20719.0;7
252000;;;DIVING_GEAR;SEASHELLS;99864.0;3
252200;;;BANANAS;SEASHELLS;4782.0;1
252200;;;BAGUETTE;SEASHELLS;12345.0;8
252200;;;COCONUTS;SEASHELLS;7881.0;8
252300;;;UKULELE;SEASHELLS;20718.0;4
252300;;;BANANAS;SEASHELLS;4787.0;1
252300;;;BANANAS;SEASHELLS;4788.0;8
252300;;;DIP;SEASHELLS;7102.0;10
252500;;;DIP;SEASHELLS;7103.0;8
252800;;;PEARLS;SEASHELLS;9996.0;2
252800;;;DIP;SEASHELLS;7103.0;10
252900;;;BANANAS;SEASHELLS;4783.0;1
252900;;;PEARLS;SEASHELLS;9996.0;1
253000;;;DIP;SEASHELLS;7101.0;6
253000;;;BANANAS;SEASHELLS;4784.0;1
253200;;;PEARLS;SEASHELLS;9998.0;1
253400;;;BANANAS;SEASHELLS;4783.0;1
253700;;;DIP;SEASHELLS;7104.0;10
253800;;;DIP;SEASHELLS;7100.0;12
253800;;;PICNIC_BASKET;SEASHELLS;74050.0;10
253900;;;DIVING_GEAR;SEASHELLS;99889.0;3
253900;;;BERRIES;SEASHELLS;3894.0;15
254200;;;DIVING_GEAR;SEASHELLS;99875.0;3
254300;;;UKULELE;SEASHELLS;20735.0;3
254600;;;DIP;SEASHELLS;7099.0;7
254700;;;DIVING_GEAR;SEASHELLS;99871.0;2
254700;;;DIP;SEASHELLS;7098.0;10
254800;;;DIVING_GEAR;SEASHELLS;99872.0;3
254800;;;PINA_COLADAS;SEASHELLS;14807.0;5
254800;;;BERRIES;SEASHELLS;3895.0;11
254900;;;BANANAS;SEASHELLS;4783.0;1
255100;;;DIP;SEASHELLS;7098.0;4
255600;;;BANANAS;SEASHELLS;4786.0;5
255600;;;BAGUETTE;SEASHELLS;12306.0;8
255600;;;BANANAS;SEASHELLS;4786.0;2
255900;;;BAGUETTE;SEASHELLS;12303.0;8
255900;;;BERRIES;SEASHELLS;3888.0;5
256000;;;BANANAS;SEASHELLS;4785.0;1
256100;;;BANANAS;SEASHELLS;4788.0;1
256300;;;DIP;SEASHELLS;7102.0;10
256300;;;BANANAS;SEASHELLS;4791.0;2
256300;;;PEARLS;SEASHELLS;10005.0;12
256300;;;PEARLS;SEASHELLS;10005.0;2
256500;;;PINA_COLADAS;SEASHELLS;14809.0;2
256600;;;PICNIC_BASKET;SEASHELLS;73952.0;2
256700;;;DIP;SEASHELLS;7101.0;5
256900;;;BERRIES;SEASHELLS;3888.0;5
257000;;;PEARLS;SEASHELLS;9998.0;1
257100;;;PEARLS;SEASHELLS;9998.0;2
257200;;;PEARLS;SEASHELLS;9998.0;2
257300;;;BANANAS;SEASHELLS;4782.0;1
257300;;;UKULELE;SEASHELLS;20733.0;5
257700;;;COCONUTS;SEASHELLS;7883.0;10
258300;;;BERRIES;SEASHELLS;3888.0;21
258300;;;BANANAS;SEASHELLS;4782.0;1
258600;;;BANANAS;SEASHELLS;4782.0;1
258700;;;PEARLS;SEASHELLS;9996.0;1
258700;;;PEARLS;SEASHELLS;9998.0;1
258700;;;BAGUETTE;SEASHELLS;12310.0;7
258700;;;BANANAS;SEASHELLS;4782.0;1
258800;;;BAGUETTE;SEASHELLS;12309.0;3
258800;;;BANANAS;SEASHELLS;4788.0;19
