timestamp;buyer;seller;symbol;currency;price;quantity
100;Paris;Charlie;PEARLS;SEASHELLS;10002.0;1
100;Paris;Charlie;BANANAS;SEASHELLS;4875.0;1
200;Paris;Charlie;BANANAS;SEASHELLS;4876.0;1
200;Paris;Caesar;PEARLS;SEASHELLS;10004.0;1
300;Paris;Charlie;BANANAS;SEASHELLS;4873.0;1
400;Charlie;Caesar;BANANAS;SEASHELLS;4871.0;5
500;Paris;Charlie;BANANAS;SEASHELLS;4874.0;1
800;Caesar;Paris;PEARLS;SEASHELLS;9996.0;1
800;Caesar;Paris;BANANAS;SEASHELLS;4871.0;1
1000;Penelope;Charlie;BANANAS;SEASHELLS;4875.0;10
1200;Charlie;Paris;BANANAS;SEASHELLS;4868.0;1
1300;Paris;Camilla;DIVING_GEAR;SEASHELLS;98906.0;3
1300;Paris;Charlie;PEARLS;SEASHELLS;10002.0;1
1500;Paris;Charlie;BANANAS;SEASHELLS;4874.0;1
1500;Charlie;Pablo;PEARLS;SEASHELLS;9998.0;4
1700;Charlie;Pablo;BANANAS;SEASHELLS;4870.0;2
1900;Charlie;Paris;BANANAS;SEASHELLS;4868.0;1
1900;Caesar;Pablo;PINA_COLADAS;SEASHELLS;14998.0;13
2100;Caesar;Caesar;COCONUTS;SEASHELLS;7998.0;53
2600;Pablo;Camilla;PEARLS;SEASHELLS;10002.0;4
2600;Pablo;Charlie;PEARLS;SEASHELLS;10002.0;1
2600;Penelope;Charlie;BANANAS;SEASHELLS;4872.0;2
2600;Penelope;Camilla;BANANAS;SEASHELLS;4872.0;4
3000;Paris;Charlie;BANANAS;SEASHELLS;4874.0;1
3100;Camilla;Paris;PEARLS;SEASHELLS;9998.0;1
3200;Gina;Caesar;PEARLS;SEASHELLS;10002.0;5
3200;Paris;Camilla;BERRIES;SEASHELLS;3921.0;9
3300;Paris;Charlie;PEARLS;SEASHELLS;10002.0;1
3500;Gary;Charlie;BANANAS;SEASHELLS;4874.0;10
3500;Camilla;Paris;BERRIES;SEASHELLS;3914.0;6
3500;Gary;Camilla;BANANAS;SEASHELLS;4874.0;10
3700;Camilla;Penelope;BERRIES;SEASHELLS;3914.0;10
3700;Camilla;Pablo;PEARLS;SEASHELLS;9998.0;1
4200;Penelope;Charlie;BANANAS;SEASHELLS;4876.0;6
4200;Pablo;Charlie;PEARLS;SEASHELLS;10002.0;5
4200;Penelope;Caesar;BANANAS;SEASHELLS;4876.0;1
4900;Charlie;Penelope;BANANAS;SEASHELLS;4871.0;7
5100;Paris;Charlie;DIVING_GEAR;SEASHELLS;98967.0;2
5400;Paris;Charlie;PEARLS;SEASHELLS;10005.0;1
5400;Paris;Charlie;BANANAS;SEASHELLS;4879.0;1
5400;Gary;Charlie;BANANAS;SEASHELLS;4879.0;15
5400;Paris;Camilla;BERRIES;SEASHELLS;3920.0;4
5500;Penelope;Caesar;PEARLS;SEASHELLS;10004.0;1
5700;Gary;Camilla;BERRIES;SEASHELLS;3920.0;19
6200;Paris;Charlie;BANANAS;SEASHELLS;4878.0;1
6700;Paris;Caesar;PEARLS;SEASHELLS;10004.0;1
6700;Paris;Caesar;BANANAS;SEASHELLS;4879.0;1
6800;Charlie;Paris;BANANAS;SEASHELLS;4873.0;1
6900;Gary;Camilla;BERRIES;SEASHELLS;3920.0;19
7100;Caesar;Caesar;COCONUTS;SEASHELLS;7996.0;56
7200;Paris;Camilla;PEARLS;SEASHELLS;10002.0;1
7200;Caesar;Penelope;PEARLS;SEASHELLS;9996.0;1
7600;Pablo;Charlie;PEARLS;SEASHELLS;10002.0;1
8000;Paris;Charlie;BANANAS;SEASHELLS;4875.0;1
8100;Paris;Camilla;BERRIES;SEASHELLS;3922.0;4
8200;Caesar;Paris;BANANAS;SEASHELLS;4871.0;1
8200;Caesar;Paris;PEARLS;SEASHELLS;9996.0;1
8300;Caesar;Caesar;COCONUTS;SEASHELLS;7992.0;46
8900;Paris;Camilla;BERRIES;SEASHELLS;3923.0;1
9100;Gary;Paris;PEARLS;SEASHELLS;9998.0;1
9300;Peter;Charlie;COCONUTS;SEASHELLS;7993.0;6
9400;Paris;Charlie;PEARLS;SEASHELLS;10002.0;1
9500;Paris;Charlie;PEARLS;SEASHELLS;10002.0;1
9700;Paris;Caesar;PEARLS;SEASHELLS;10002.0;1
9900;Charlie;Gina;BANANAS;SEASHELLS;4867.0;9
10000;Charlie;Peter;PINA_COLADAS;SEASHELLS;14980.0;4
10200;Camilla;Camilla;DIVING_GEAR;SEASHELLS;98942.0;3
10300;Paris;Charlie;BANANAS;SEASHELLS;4873.0;1
10300;Paris;Caesar;PEARLS;SEASHELLS;10004.0;1
10500;Charlie;Pablo;COCONUTS;SEASHELLS;7991.0;10
10700;Charlie;Pablo;PEARLS;SEASHELLS;9998.0;3
10800;Camilla;Penelope;BERRIES;SEASHELLS;3915.0;14
11000;Charlie;Gina;BANANAS;SEASHELLS;4867.0;9
11500;Camilla;Gary;BERRIES;SEASHELLS;3916.0;18
11900;Paris;Charlie;PEARLS;SEASHELLS;10002.0;1
12500;Charlie;Peter;COCONUTS;SEASHELLS;7991.0;10
12700;Pablo;Camilla;PEARLS;SEASHELLS;10002.0;1
12700;Pablo;Charlie;PEARLS;SEASHELLS;10002.0;1
12800;Gary;Camilla;BERRIES;SEASHELLS;3918.0;11
13300;Pablo;Caesar;COCONUTS;SEASHELLS;7992.0;24
13300;Pablo;Charlie;PEARLS;SEASHELLS;10002.0;2
13700;Pablo;Charlie;BANANAS;SEASHELLS;4870.0;2
13700;Paris;Charlie;PEARLS;SEASHELLS;10002.0;1
14000;Camilla;Paris;BANANAS;SEASHELLS;4868.0;1
14000;Gina;Charlie;PEARLS;SEASHELLS;10002.0;5
14000;Paris;Charlie;DIVING_GEAR;SEASHELLS;98969.0;2
14000;Gina;Paris;PEARLS;SEASHELLS;10002.0;1
14300;Pablo;Charlie;BANANAS;SEASHELLS;4871.0;2
14400;Pablo;Charlie;PEARLS;SEASHELLS;10002.0;2
14400;Charlie;Paris;BANANAS;SEASHELLS;4867.0;1
14400;Charlie;Paris;BANANAS;SEASHELLS;4867.0;2
14400;Pablo;Paris;PEARLS;SEASHELLS;10002.0;2
14600;Caesar;Gina;BANANAS;SEASHELLS;4867.0;1
14600;Paris;Gina;BANANAS;SEASHELLS;4872.0;1
14800;Charlie;Caesar;BANANAS;SEASHELLS;4868.0;4
14800;Charlie;Paris;PEARLS;SEASHELLS;9998.0;1
15000;Charlie;Paris;BANANAS;SEASHELLS;4865.0;1
15100;Charlie;Paris;PEARLS;SEASHELLS;9998.0;1
15100;Caesar;Caesar;PINA_COLADAS;SEASHELLS;14985.0;27
15400;Caesar;Peter;PINA_COLADAS;SEASHELLS;14979.0;4
15400;Gary;Charlie;BANANAS;SEASHELLS;4871.0;12
15800;Paris;Charlie;BANANAS;SEASHELLS;4870.0;2
15800;Paris;Caesar;PEARLS;SEASHELLS;10004.0;2
16000;Caesar;Gina;BANANAS;SEASHELLS;4863.0;2
16000;Charlie;Gina;BANANAS;SEASHELLS;4863.0;5
16200;Charlie;Paris;BANANAS;SEASHELLS;4863.0;1
16200;Pablo;Camilla;PEARLS;SEASHELLS;10002.0;3
16300;Charlie;Penelope;PEARLS;SEASHELLS;9996.0;1
16300;Charlie;Paris;DIVING_GEAR;SEASHELLS;98911.0;2
16300;Caesar;Penelope;PEARLS;SEASHELLS;9996.0;1
16400;Caesar;Caesar;COCONUTS;SEASHELLS;7993.0;44
16500;Camilla;Camilla;DIVING_GEAR;SEASHELLS;98906.0;2
16600;Charlie;Paris;DIVING_GEAR;SEASHELLS;98915.0;3
16700;Camilla;Paris;DIVING_GEAR;SEASHELLS;98921.0;1
16800;Paris;Camilla;BERRIES;SEASHELLS;3918.0;5
17100;Charlie;Camilla;DIVING_GEAR;SEASHELLS;98905.0;1
17300;Paris;Charlie;DIVING_GEAR;SEASHELLS;98927.0;1
17300;Gary;Camilla;BERRIES;SEASHELLS;3917.0;10
17300;Charlie;Peter;PINA_COLADAS;SEASHELLS;14981.0;2
17400;Paris;Charlie;BANANAS;SEASHELLS;4868.0;2
17400;Paris;Gina;PEARLS;SEASHELLS;9998.0;2
17700;Camilla;Charlie;DIVING_GEAR;SEASHELLS;98923.0;1
17900;Charlie;Pablo;PEARLS;SEASHELLS;9998.0;1
17900;Paris;Pablo;PEARLS;SEASHELLS;9998.0;1
17900;Paris;Camilla;BANANAS;SEASHELLS;4866.0;1
17900;Caesar;Pablo;PEARLS;SEASHELLS;9998.0;2
18200;Caesar;Paris;PEARLS;SEASHELLS;9996.0;1
18200;Camilla;Paris;DIVING_GEAR;SEASHELLS;98932.0;2
18200;Charlie;Paris;BANANAS;SEASHELLS;4862.0;1
18200;Gary;Camilla;PEARLS;SEASHELLS;10002.0;9
18900;Gina;Charlie;BANANAS;SEASHELLS;4866.0;8
18900;Paris;Charlie;PEARLS;SEASHELLS;10002.0;1
19000;Camilla;Camilla;DIVING_GEAR;SEASHELLS;98916.0;1
19300;Camilla;Gary;BANANAS;SEASHELLS;4863.0;2
19300;Charlie;Gary;BANANAS;SEASHELLS;4863.0;13
19300;Camilla;Gina;PEARLS;SEASHELLS;9998.0;2
19300;Charlie;Gina;PEARLS;SEASHELLS;9998.0;6
19600;Paris;Charlie;PEARLS;SEASHELLS;10002.0;1
19600;Camilla;Gina;BANANAS;SEASHELLS;4863.0;5
19600;Charlie;Gina;BANANAS;SEASHELLS;4863.0;4
19900;Paris;Camilla;DIVING_GEAR;SEASHELLS;98946.0;2
19900;Caesar;Penelope;PEARLS;SEASHELLS;9996.0;1
20000;Charlie;Paris;PEARLS;SEASHELLS;9998.0;1
20000;Charlie;Gina;BANANAS;SEASHELLS;4863.0;12
20100;Charlie;Peter;COCONUTS;SEASHELLS;7989.0;10
20200;Paris;Charlie;PEARLS;SEASHELLS;10002.0;1
20500;Camilla;Paris;BERRIES;SEASHELLS;3911.0;4
20600;Paris;Camilla;BANANAS;SEASHELLS;4865.0;2
20600;Paris;Pablo;PEARLS;SEASHELLS;9998.0;2
20800;Charlie;Peter;COCONUTS;SEASHELLS;7989.0;10
20900;Charlie;Paris;BANANAS;SEASHELLS;4860.0;1
21000;Charlie;Gina;BANANAS;SEASHELLS;4861.0;13
21200;Paris;Charlie;BANANAS;SEASHELLS;4865.0;1
21200;Charlie;Pablo;PEARLS;SEASHELLS;9998.0;1
21500;Camilla;Camilla;DIVING_GEAR;SEASHELLS;98934.0;3
21600;Paris;Camilla;DIVING_GEAR;SEASHELLS;98934.0;3
21600;Pablo;Caesar;BANANAS;SEASHELLS;4864.0;1
21600;Pablo;Charlie;BANANAS;SEASHELLS;4864.0;1
21700;Camilla;Penelope;BERRIES;SEASHELLS;3915.0;13
21900;Caesar;Peter;PINA_COLADAS;SEASHELLS;14967.0;2
21900;Penelope;Camilla;BERRIES;SEASHELLS;3922.0;14
22100;Paris;Charlie;BANANAS;SEASHELLS;4865.0;1
22200;Paris;Charlie;PEARLS;SEASHELLS;10002.0;1
22400;Paris;Camilla;PEARLS;SEASHELLS;10002.0;1
22500;Paris;Charlie;BANANAS;SEASHELLS;4866.0;1
22800;Caesar;Paris;BANANAS;SEASHELLS;4861.0;1
22800;Penelope;Charlie;BANANAS;SEASHELLS;4867.0;6
22800;Paris;Paris;PEARLS;SEASHELLS;10002.0;1
22800;Charlie;Paris;BANANAS;SEASHELLS;4861.0;1
22900;Caesar;Paris;BANANAS;SEASHELLS;4861.0;1
23000;Paris;Camilla;BANANAS;SEASHELLS;4865.0;1
23000;Paris;Camilla;PEARLS;SEASHELLS;10002.0;1
23200;Charlie;Paris;BANANAS;SEASHELLS;4860.0;1
23400;Paris;Charlie;DIVING_GEAR;SEASHELLS;98908.0;1
23500;Pablo;Charlie;BANANAS;SEASHELLS;4865.0;1
23600;Caesar;Paris;BANANAS;SEASHELLS;4861.0;1
24300;Charlie;Paris;BANANAS;SEASHELLS;4862.0;1
24300;Paris;Charlie;PEARLS;SEASHELLS;10002.0;1
24300;Paris;Charlie;DIVING_GEAR;SEASHELLS;98892.0;3
24400;Gary;Charlie;BANANAS;SEASHELLS;4868.0;17
24600;Charlie;Caesar;BANANAS;SEASHELLS;4864.0;2
25100;Pablo;Charlie;BANANAS;SEASHELLS;4867.0;1
25100;Camilla;Paris;PEARLS;SEASHELLS;9998.0;1
25400;Camilla;Gary;BERRIES;SEASHELLS;3917.0;10
25500;Pablo;Peter;BERRIES;SEASHELLS;3921.0;3
25900;Camilla;Paris;BERRIES;SEASHELLS;3917.0;2
25900;Paris;Charlie;BANANAS;SEASHELLS;4871.0;2
25900;Paris;Caesar;PEARLS;SEASHELLS;10004.0;2
26200;Paris;Charlie;PEARLS;SEASHELLS;10002.0;1
26300;Charlie;Paris;BANANAS;SEASHELLS;4865.0;1
26300;Pablo;Camilla;PEARLS;SEASHELLS;10002.0;4
26600;Charlie;Pablo;PEARLS;SEASHELLS;9998.0;4
26700;Paris;Charlie;BANANAS;SEASHELLS;4872.0;1
26700;Peter;Charlie;PINA_COLADAS;SEASHELLS;14959.0;5
26800;Paris;Charlie;PEARLS;SEASHELLS;10002.0;1
27100;Paris;Camilla;BANANAS;SEASHELLS;4871.0;1
27100;Charlie;Paris;PEARLS;SEASHELLS;9998.0;1
27200;Paris;Charlie;BANANAS;SEASHELLS;4871.0;1
27300;Charlie;Paris;BANANAS;SEASHELLS;4866.0;1
27400;Caesar;Gina;PEARLS;SEASHELLS;9998.0;6
27400;Charlie;Gina;PEARLS;SEASHELLS;9998.0;3
27500;Gary;Charlie;BANANAS;SEASHELLS;4873.0;19
27600;Paris;Camilla;BANANAS;SEASHELLS;4872.0;1
27800;Camilla;Pablo;PEARLS;SEASHELLS;9998.0;3
28100;Penelope;Charlie;PEARLS;SEASHELLS;10004.0;2
28100;Penelope;Caesar;PEARLS;SEASHELLS;10004.0;1
28200;Caesar;Caesar;COCONUTS;SEASHELLS;7990.0;46
28200;Caesar;Caesar;COCONUTS;SEASHELLS;7990.0;17
28500;Charlie;Paris;BANANAS;SEASHELLS;4868.0;1
28500;Charlie;Gary;BANANAS;SEASHELLS;4868.0;18
28600;Charlie;Paris;BANANAS;SEASHELLS;4867.0;1
28600;Charlie;Penelope;BANANAS;SEASHELLS;4867.0;10
28700;Camilla;Paris;BANANAS;SEASHELLS;4868.0;1
29000;Paris;Charlie;PEARLS;SEASHELLS;10002.0;1
29400;Paris;Camilla;PEARLS;SEASHELLS;10002.0;1
29500;Camilla;Paris;BANANAS;SEASHELLS;4865.0;1
29800;Penelope;Charlie;PEARLS;SEASHELLS;10005.0;5
29900;Gary;Charlie;BANANAS;SEASHELLS;4872.0;19
30200;Charlie;Paris;PEARLS;SEASHELLS;9998.0;1
30200;Charlie;Pablo;BANANAS;SEASHELLS;4867.0;2
30600;Paris;Penelope;PEARLS;SEASHELLS;10002.0;1
31000;Paris;Camilla;PEARLS;SEASHELLS;10002.0;1
31000;Paris;Camilla;BANANAS;SEASHELLS;4871.0;1
31100;Paris;Charlie;BANANAS;SEASHELLS;4871.0;1
31100;Peter;Caesar;PINA_COLADAS;SEASHELLS;14943.0;2
31100;Paris;Charlie;PEARLS;SEASHELLS;10002.0;1
31200;Charlie;Paris;BANANAS;SEASHELLS;4866.0;1
31200;Paris;Camilla;PEARLS;SEASHELLS;10002.0;1
31200;Gary;Camilla;PEARLS;SEASHELLS;10002.0;6
31200;Charlie;Pablo;COCONUTS;SEASHELLS;7979.0;14
31400;Pablo;Camilla;PEARLS;SEASHELLS;10002.0;3
31600;Charlie;Pablo;PEARLS;SEASHELLS;9998.0;3
31600;Paris;Pablo;PEARLS;SEASHELLS;9998.0;1
31700;Paris;Camilla;PEARLS;SEASHELLS;10002.0;1
31700;Charlie;Penelope;PEARLS;SEASHELLS;9995.0;3
32000;Paris;Camilla;BERRIES;SEASHELLS;3929.0;3
32100;Camilla;Paris;BANANAS;SEASHELLS;4866.0;2
32100;Camilla;Paris;PEARLS;SEASHELLS;9998.0;2
32300;Charlie;Penelope;BANANAS;SEASHELLS;4866.0;4
32400;Camilla;Penelope;BANANAS;SEASHELLS;4867.0;2
32500;Paris;Charlie;PEARLS;SEASHELLS;10002.0;1
32500;Penelope;Camilla;BERRIES;SEASHELLS;3929.0;13
32800;Camilla;Gary;BERRIES;SEASHELLS;3921.0;14
33000;Charlie;Gary;BANANAS;SEASHELLS;4866.0;14
33000;Camilla;Gary;BANANAS;SEASHELLS;4866.0;2
33400;Paris;Charlie;DIVING_GEAR;SEASHELLS;98920.0;3
33600;Charlie;Pablo;PEARLS;SEASHELLS;9998.0;2
33700;Camilla;Gary;BERRIES;SEASHELLS;3920.0;16
33800;Gary;Camilla;BANANAS;SEASHELLS;4871.0;4
33900;Gary;Charlie;PEARLS;SEASHELLS;10004.0;11
33900;Gary;Caesar;PEARLS;SEASHELLS;10004.0;1
34000;Paris;Charlie;BANANAS;SEASHELLS;4871.0;1
34000;Gary;Camilla;BERRIES;SEASHELLS;3926.0;20
34200;Paris;Camilla;PEARLS;SEASHELLS;10002.0;1
34300;Charlie;Paris;BANANAS;SEASHELLS;4865.0;1
34600;Paris;Camilla;DIVING_GEAR;SEASHELLS;98898.0;3
34800;Charlie;Pablo;BANANAS;SEASHELLS;4865.0;1
34800;Camilla;Pablo;BANANAS;SEASHELLS;4865.0;3
35100;Paris;Camilla;BERRIES;SEASHELLS;3924.0;3
35400;Pablo;Penelope;PEARLS;SEASHELLS;10002.0;1
35600;Charlie;Pablo;PINA_COLADAS;SEASHELLS;14956.0;11
36000;Paris;Camilla;DIVING_GEAR;SEASHELLS;98923.0;3
36500;Charlie;Paris;BANANAS;SEASHELLS;4863.0;1
36700;Pablo;Charlie;PEARLS;SEASHELLS;10002.0;1
36700;Pablo;Paris;PEARLS;SEASHELLS;10002.0;1
36800;Charlie;Pablo;BANANAS;SEASHELLS;4865.0;2
37300;Caesar;Penelope;PEARLS;SEASHELLS;9996.0;1
37600;Gary;Charlie;PEARLS;SEASHELLS;10004.0;9
37600;Paris;Charlie;BANANAS;SEASHELLS;4869.0;1
37600;Gary;Caesar;PEARLS;SEASHELLS;10004.0;1
37800;Paris;Caesar;PEARLS;SEASHELLS;10004.0;2
37800;Paris;Charlie;BANANAS;SEASHELLS;4870.0;2
37900;Camilla;Paris;DIVING_GEAR;SEASHELLS;98914.0;1
38700;Caesar;Paris;BANANAS;SEASHELLS;4864.0;1
38700;Charlie;Peter;PINA_COLADAS;SEASHELLS;14954.0;5
38700;Penelope;Caesar;PEARLS;SEASHELLS;10004.0;2
39100;Paris;Caesar;BANANAS;SEASHELLS;4869.0;1
39100;Peter;Paris;BERRIES;SEASHELLS;3921.0;2
39100;Paris;Pablo;PEARLS;SEASHELLS;9998.0;1
39200;Charlie;Paris;BANANAS;SEASHELLS;4863.0;2
39200;Charlie;Paris;PEARLS;SEASHELLS;9995.0;2
39700;Charlie;Paris;BANANAS;SEASHELLS;4862.0;1
39700;Penelope;Camilla;BERRIES;SEASHELLS;3925.0;11
40200;Camilla;Paris;BERRIES;SEASHELLS;3916.0;2
40500;Penelope;Pablo;BANANAS;SEASHELLS;4863.0;5
40600;Paris;Charlie;PEARLS;SEASHELLS;10002.0;1
40700;Paris;Charlie;BANANAS;SEASHELLS;4866.0;1
41100;Gina;Charlie;BANANAS;SEASHELLS;4865.0;7
41400;Charlie;Pablo;BANANAS;SEASHELLS;4862.0;5
41800;Charlie;Caesar;BANANAS;SEASHELLS;4864.0;4
41800;Caesar;Paris;BANANAS;SEASHELLS;4862.0;1
42000;Charlie;Paris;PEARLS;SEASHELLS;9998.0;1
42200;Gary;Charlie;BANANAS;SEASHELLS;4868.0;12
42400;Caesar;Paris;BANANAS;SEASHELLS;4863.0;1
42400;Caesar;Paris;PEARLS;SEASHELLS;9996.0;1
42800;Camilla;Paris;BERRIES;SEASHELLS;3916.0;1
43000;Caesar;Caesar;COCONUTS;SEASHELLS;7977.0;19
43000;Caesar;Caesar;COCONUTS;SEASHELLS;7977.0;48
43100;Peter;Charlie;COCONUTS;SEASHELLS;7979.0;8
43200;Caesar;Penelope;PEARLS;SEASHELLS;9996.0;2
43600;Pablo;Camilla;PEARLS;SEASHELLS;10002.0;2
43900;Pablo;Camilla;PEARLS;SEASHELLS;10002.0;4
43900;Pablo;Paris;PEARLS;SEASHELLS;10002.0;1
43900;Paris;Camilla;PEARLS;SEASHELLS;10002.0;2
43900;Paris;Paris;BANANAS;SEASHELLS;4864.0;1
44300;Charlie;Pablo;PEARLS;SEASHELLS;9998.0;2
44300;Camilla;Paris;BERRIES;SEASHELLS;3917.0;9
44400;Camilla;Paris;BERRIES;SEASHELLS;3917.0;7
44600;Caesar;Caesar;PINA_COLADAS;SEASHELLS;14944.0;31
44600;Caesar;Caesar;PINA_COLADAS;SEASHELLS;14944.0;3
44700;Paris;Camilla;BERRIES;SEASHELLS;3924.0;5
44700;Paris;Charlie;BANANAS;SEASHELLS;4869.0;1
44800;Caesar;Caesar;COCONUTS;SEASHELLS;7977.0;46
45000;Caesar;Paris;BANANAS;SEASHELLS;4864.0;1
45000;Penelope;Camilla;BERRIES;SEASHELLS;3924.0;12
45200;Paris;Charlie;PEARLS;SEASHELLS;10002.0;1
45200;Charlie;Paris;BANANAS;SEASHELLS;4864.0;1
45200;Charlie;Peter;PINA_COLADAS;SEASHELLS;14938.0;4
45300;Charlie;Paris;BANANAS;SEASHELLS;4864.0;1
45400;Camilla;Penelope;BANANAS;SEASHELLS;4864.0;4
45400;Charlie;Penelope;BANANAS;SEASHELLS;4864.0;4
45500;Charlie;Pablo;PEARLS;SEASHELLS;9998.0;3
45800;Camilla;Gina;BANANAS;SEASHELLS;4865.0;7
45900;Camilla;Paris;BANANAS;SEASHELLS;4865.0;1
46000;Gary;Paris;PEARLS;SEASHELLS;9998.0;1
46400;Charlie;Peter;COCONUTS;SEASHELLS;7971.0;8
46400;Paris;Charlie;BANANAS;SEASHELLS;4869.0;1
46500;Charlie;Paris;PEARLS;SEASHELLS;9998.0;1
46600;Paris;Charlie;BANANAS;SEASHELLS;4869.0;1
46900;Charlie;Penelope;BANANAS;SEASHELLS;4865.0;11
47200;Paris;Charlie;BANANAS;SEASHELLS;4870.0;1
47200;Gary;Camilla;BERRIES;SEASHELLS;3922.0;19
47400;Camilla;Paris;PEARLS;SEASHELLS;9998.0;1
47700;Paris;Camilla;BERRIES;SEASHELLS;3922.0;6
48000;Pablo;Camilla;PEARLS;SEASHELLS;10002.0;1
48100;Peter;Charlie;COCONUTS;SEASHELLS;7975.0;8
48200;Caesar;Paris;BANANAS;SEASHELLS;4864.0;1
48200;Charlie;Paris;DIVING_GEAR;SEASHELLS;98949.0;2
48300;Paris;Camilla;DIVING_GEAR;SEASHELLS;98963.0;3
48300;Paris;Charlie;BANANAS;SEASHELLS;4869.0;1
48400;Camilla;Paris;BERRIES;SEASHELLS;3915.0;2
48600;Camilla;Paris;DIVING_GEAR;SEASHELLS;98973.0;3
48900;Charlie;Paris;BANANAS;SEASHELLS;4865.0;1
49000;Penelope;Charlie;PEARLS;SEASHELLS;10004.0;1
49000;Caesar;Peter;PINA_COLADAS;SEASHELLS;14950.0;4
49000;Penelope;Caesar;PEARLS;SEASHELLS;10004.0;1
49600;Charlie;Camilla;DIVING_GEAR;SEASHELLS;98966.0;2
49800;Caesar;Peter;PINA_COLADAS;SEASHELLS;14944.0;3
49800;Charlie;Paris;BANANAS;SEASHELLS;4863.0;1
49800;Paris;Camilla;PEARLS;SEASHELLS;10002.0;1
49800;Paris;Camilla;BANANAS;SEASHELLS;4868.0;1
50000;Pablo;Camilla;BANANAS;SEASHELLS;4868.0;2
50100;Pablo;Gary;PEARLS;SEASHELLS;10002.0;4
50600;Paris;Penelope;BANANAS;SEASHELLS;4871.0;1
50900;Camilla;Paris;BANANAS;SEASHELLS;4866.0;1
50900;Charlie;Peter;PINA_COLADAS;SEASHELLS;14942.0;5
51200;Charlie;Camilla;DIVING_GEAR;SEASHELLS;99002.0;3
51500;Charlie;Paris;PEARLS;SEASHELLS;9995.0;2
51500;Charlie;Gary;BANANAS;SEASHELLS;4866.0;13
51500;Charlie;Paris;BANANAS;SEASHELLS;4866.0;2
51600;Paris;Camilla;DIVING_GEAR;SEASHELLS;98994.0;2
52000;Camilla;Paris;PEARLS;SEASHELLS;9998.0;1
52100;Gary;Charlie;BANANAS;SEASHELLS;4873.0;18
52200;Charlie;Paris;DIVING_GEAR;SEASHELLS;98971.0;3
52200;Charlie;Paris;BANANAS;SEASHELLS;4866.0;1
52200;Paris;Camilla;PEARLS;SEASHELLS;10002.0;1
52400;Gina;Caesar;PEARLS;SEASHELLS;10002.0;4
52400;Gina;Charlie;PEARLS;SEASHELLS;10002.0;3
52400;Pablo;Gina;BERRIES;SEASHELLS;3916.0;9
52500;Caesar;Pablo;PINA_COLADAS;SEASHELLS;14953.0;14
52600;Gary;Caesar;PEARLS;SEASHELLS;10004.0;1
52700;Paris;Camilla;BANANAS;SEASHELLS;4872.0;1
52800;Paris;Gina;BANANAS;SEASHELLS;4871.0;1
52800;Charlie;Gina;BANANAS;SEASHELLS;4867.0;8
53100;Charlie;Pablo;PEARLS;SEASHELLS;9998.0;5
53600;Charlie;Gina;BANANAS;SEASHELLS;4869.0;10
53600;Camilla;Gina;BANANAS;SEASHELLS;4869.0;2
53600;Charlie;Camilla;DIVING_GEAR;SEASHELLS;99025.0;3
54000;Paris;Camilla;PEARLS;SEASHELLS;10002.0;1
54100;Paris;Charlie;PEARLS;SEASHELLS;10004.0;1
54100;Paris;Charlie;BANANAS;SEASHELLS;4875.0;1
54100;Paris;Caesar;BANANAS;SEASHELLS;4875.0;1
54100;Paris;Caesar;PEARLS;SEASHELLS;10004.0;1
54100;Charlie;Peter;COCONUTS;SEASHELLS;7978.0;6
54200;Charlie;Paris;BANANAS;SEASHELLS;4869.0;1
54300;Paris;Paris;PEARLS;SEASHELLS;10002.0;1
54300;Caesar;Paris;BANANAS;SEASHELLS;4869.0;2
54600;Pablo;Charlie;PEARLS;SEASHELLS;10002.0;2
54700;Paris;Charlie;BANANAS;SEASHELLS;4875.0;1
54700;Penelope;Caesar;PEARLS;SEASHELLS;10004.0;1
54700;Paris;Caesar;BANANAS;SEASHELLS;4875.0;1
54700;Paris;Charlie;PEARLS;SEASHELLS;10005.0;2
54700;Penelope;Charlie;PEARLS;SEASHELLS;10004.0;4
54900;Paris;Charlie;BANANAS;SEASHELLS;4874.0;1
55200;Camilla;Paris;BANANAS;SEASHELLS;4869.0;1
55300;Penelope;Camilla;PEARLS;SEASHELLS;10002.0;5
55300;Paris;Camilla;BANANAS;SEASHELLS;4875.0;1
55300;Penelope;Charlie;PEARLS;SEASHELLS;10002.0;3
55400;Camilla;Penelope;PEARLS;SEASHELLS;9998.0;6
55400;Charlie;Camilla;DIVING_GEAR;SEASHELLS;98988.0;3
55400;Paris;Charlie;DIVING_GEAR;SEASHELLS;98991.0;3
55900;Charlie;Caesar;BANANAS;SEASHELLS;4872.0;1
55900;Caesar;Pablo;PEARLS;SEASHELLS;9998.0;4
56100;Gary;Camilla;BERRIES;SEASHELLS;3919.0;10
56400;Charlie;Penelope;BANANAS;SEASHELLS;4870.0;4
56500;Penelope;Camilla;PEARLS;SEASHELLS;10002.0;6
56700;Camilla;Paris;PEARLS;SEASHELLS;9998.0;1
57100;Paris;Charlie;BANANAS;SEASHELLS;4874.0;1
57100;Camilla;Paris;PEARLS;SEASHELLS;9998.0;1
57200;Charlie;Pablo;BANANAS;SEASHELLS;4871.0;5
57500;Camilla;Paris;BERRIES;SEASHELLS;3912.0;10
57600;Caesar;Paris;PEARLS;SEASHELLS;9998.0;1
57900;Paris;Camilla;DIVING_GEAR;SEASHELLS;99012.0;1
58100;Penelope;Charlie;PEARLS;SEASHELLS;10005.0;7
58300;Paris;Camilla;BERRIES;SEASHELLS;3919.0;3
58500;Camilla;Penelope;BANANAS;SEASHELLS;4870.0;3
58600;Caesar;Paris;PEARLS;SEASHELLS;9996.0;1
58600;Caesar;Paris;BANANAS;SEASHELLS;4870.0;1
58800;Paris;Charlie;BANANAS;SEASHELLS;4876.0;2
58800;Caesar;Peter;COCONUTS;SEASHELLS;7973.0;5
58800;Paris;Charlie;PEARLS;SEASHELLS;10004.0;1
58800;Paris;Caesar;PEARLS;SEASHELLS;10004.0;1
58900;Paris;Charlie;BANANAS;SEASHELLS;4875.0;1
58900;Paris;Caesar;BANANAS;SEASHELLS;4876.0;2
58900;Paris;Caesar;PEARLS;SEASHELLS;10004.0;2
59100;Paris;Camilla;BERRIES;SEASHELLS;3918.0;3
59100;Camilla;Pablo;PEARLS;SEASHELLS;9998.0;1
59400;Paris;Gary;PEARLS;SEASHELLS;10002.0;1
59600;Paris;Charlie;PEARLS;SEASHELLS;10002.0;1
59800;Camilla;Gary;BANANAS;SEASHELLS;4871.0;9
59800;Charlie;Gary;BANANAS;SEASHELLS;4871.0;9
59900;Charlie;Paris;BANANAS;SEASHELLS;4871.0;2
59900;Caesar;Paris;PEARLS;SEASHELLS;9996.0;2
60000;Gina;Camilla;BANANAS;SEASHELLS;4876.0;10
60000;Charlie;Pablo;PEARLS;SEASHELLS;9998.0;3
60000;Gina;Charlie;BANANAS;SEASHELLS;4876.0;1
60200;Paris;Camilla;DIVING_GEAR;SEASHELLS;99003.0;1
60300;Camilla;Gary;BANANAS;SEASHELLS;4872.0;3
60300;Charlie;Gary;BANANAS;SEASHELLS;4872.0;14
60400;Caesar;Penelope;PEARLS;SEASHELLS;9996.0;2
60400;Charlie;Pablo;PEARLS;SEASHELLS;9998.0;1
60400;Charlie;Penelope;PEARLS;SEASHELLS;9996.0;5
60600;Charlie;Paris;BANANAS;SEASHELLS;4872.0;1
60600;Caesar;Gary;PEARLS;SEASHELLS;9996.0;1
60600;Penelope;Camilla;BERRIES;SEASHELLS;3918.0;11
60700;Camilla;Paris;BANANAS;SEASHELLS;4872.0;1
60700;Paris;Camilla;DIVING_GEAR;SEASHELLS;99024.0;3
60800;Paris;Charlie;BANANAS;SEASHELLS;4878.0;1
61000;Charlie;Paris;PEARLS;SEASHELLS;9998.0;1
61100;Charlie;Pablo;BANANAS;SEASHELLS;4874.0;4
61200;Camilla;Paris;BANANAS;SEASHELLS;4874.0;1
61400;Camilla;Charlie;DIVING_GEAR;SEASHELLS;99028.0;1
61500;Paris;Charlie;BANANAS;SEASHELLS;4878.0;1
62100;Penelope;Peter;BERRIES;SEASHELLS;3910.0;5
62600;Gina;Charlie;BANANAS;SEASHELLS;4879.0;12
62700;Penelope;Camilla;BERRIES;SEASHELLS;3913.0;13
62700;Camilla;Pablo;PEARLS;SEASHELLS;9998.0;1
62800;Charlie;Gary;PEARLS;SEASHELLS;9995.0;12
63000;Charlie;Penelope;BANANAS;SEASHELLS;4875.0;9
63100;Charlie;Paris;PEARLS;SEASHELLS;9998.0;1
63100;Caesar;Pablo;PINA_COLADAS;SEASHELLS;14962.0;13
63300;Pablo;Paris;PEARLS;SEASHELLS;10002.0;1
63300;Pablo;Charlie;PEARLS;SEASHELLS;10002.0;4
63300;Paris;Charlie;BANANAS;SEASHELLS;4880.0;1
63600;Paris;Charlie;BANANAS;SEASHELLS;4880.0;1
63800;Peter;Penelope;BERRIES;SEASHELLS;3910.0;2
64300;Paris;Camilla;DIVING_GEAR;SEASHELLS;99039.0;2
64600;Caesar;Gary;PEARLS;SEASHELLS;9996.0;2
64900;Charlie;Pablo;PEARLS;SEASHELLS;9998.0;4
65000;Paris;Camilla;BANANAS;SEASHELLS;4880.0;1
65200;Charlie;Paris;BANANAS;SEASHELLS;4874.0;1
65400;Paris;Camilla;DIVING_GEAR;SEASHELLS;99057.0;2
65400;Paris;Charlie;BANANAS;SEASHELLS;4880.0;1
65700;Penelope;Charlie;BANANAS;SEASHELLS;4882.0;5
65700;Charlie;Paris;BANANAS;SEASHELLS;4875.0;1
65800;Pablo;Paris;PEARLS;SEASHELLS;10002.0;1
66000;Charlie;Pablo;COCONUTS;SEASHELLS;7971.0;16
66100;Paris;Caesar;PEARLS;SEASHELLS;10004.0;2
66100;Paris;Caesar;BANANAS;SEASHELLS;4881.0;2
66200;Paris;Charlie;PEARLS;SEASHELLS;10002.0;1
66300;Gina;Camilla;BANANAS;SEASHELLS;4879.0;5
66600;Gary;Camilla;BERRIES;SEASHELLS;3917.0;18
66600;Pablo;Penelope;PEARLS;SEASHELLS;10002.0;2
66700;Pablo;Charlie;BANANAS;SEASHELLS;4877.0;2
66800;Camilla;Camilla;DIVING_GEAR;SEASHELLS;99019.0;2
67300;Charlie;Gina;BANANAS;SEASHELLS;4873.0;8
67300;Caesar;Gina;BANANAS;SEASHELLS;4873.0;1
67400;Charlie;Penelope;PEARLS;SEASHELLS;9996.0;4
67400;Caesar;Penelope;PEARLS;SEASHELLS;9996.0;1
67800;Charlie;Gary;BANANAS;SEASHELLS;4872.0;16
67800;Charlie;Penelope;PEARLS;SEASHELLS;9996.0;3
67800;Caesar;Penelope;PEARLS;SEASHELLS;9996.0;2
67900;Charlie;Paris;DIVING_GEAR;SEASHELLS;99004.0;1
68000;Paris;Camilla;BANANAS;SEASHELLS;4878.0;1
68000;Paris;Camilla;PEARLS;SEASHELLS;10002.0;1
68000;Camilla;Penelope;BERRIES;SEASHELLS;3910.0;14
68200;Charlie;Pablo;BANANAS;SEASHELLS;4875.0;2
68200;Gary;Charlie;BERRIES;SEASHELLS;3916.0;27
68200;Charlie;Paris;PEARLS;SEASHELLS;9998.0;1
68300;Charlie;Gina;BANANAS;SEASHELLS;4874.0;8
68400;Paris;Charlie;PEARLS;SEASHELLS;10002.0;1
68500;Paris;Caesar;PEARLS;SEASHELLS;10004.0;1
68500;Paris;Charlie;BANANAS;SEASHELLS;4879.0;1
68600;Charlie;Paris;PEARLS;SEASHELLS;9998.0;1
68900;Pablo;Charlie;BANANAS;SEASHELLS;4878.0;4
69100;Caesar;Paris;PEARLS;SEASHELLS;9996.0;1
69100;Charlie;Paris;DIVING_GEAR;SEASHELLS;99020.0;1
69100;Charlie;Paris;BANANAS;SEASHELLS;4874.0;1
69300;Charlie;Camilla;DIVING_GEAR;SEASHELLS;99027.0;1
69900;Paris;Charlie;PEARLS;SEASHELLS;10002.0;1
70100;Charlie;Paris;BANANAS;SEASHELLS;4874.0;1
70200;Caesar;Caesar;COCONUTS;SEASHELLS;7968.0;56
70300;Paris;Caesar;BANANAS;SEASHELLS;4880.0;1
70300;Peter;Charlie;COCONUTS;SEASHELLS;7970.0;7
70300;Paris;Caesar;PEARLS;SEASHELLS;10004.0;1
70700;Paris;Charlie;PEARLS;SEASHELLS;10005.0;1
70700;Paris;Charlie;BANANAS;SEASHELLS;4881.0;1
70900;Charlie;Paris;BANANAS;SEASHELLS;4874.0;1
71000;Camilla;Gina;PEARLS;SEASHELLS;9998.0;8
71000;Paris;Caesar;BANANAS;SEASHELLS;4879.0;1
71100;Camilla;Gary;PEARLS;SEASHELLS;9998.0;4
71200;Charlie;Paris;PEARLS;SEASHELLS;9998.0;1
71400;Pablo;Penelope;PEARLS;SEASHELLS;10002.0;2
71600;Camilla;Penelope;BANANAS;SEASHELLS;4874.0;3
71700;Charlie;Camilla;DIVING_GEAR;SEASHELLS;99040.0;2
71700;Charlie;Paris;BANANAS;SEASHELLS;4873.0;1
71700;Charlie;Paris;PEARLS;SEASHELLS;9998.0;1
71700;Caesar;Paris;PEARLS;SEASHELLS;9996.0;1
71800;Camilla;Gary;BERRIES;SEASHELLS;3904.0;12
71900;Charlie;Pablo;BANANAS;SEASHELLS;4875.0;1
72100;Charlie;Paris;PEARLS;SEASHELLS;9998.0;1
72200;Charlie;Paris;PEARLS;SEASHELLS;9998.0;1
72600;Pablo;Charlie;BANANAS;SEASHELLS;4880.0;4
73100;Pablo;Caesar;COCONUTS;SEASHELLS;7967.0;27
73300;Camilla;Paris;BERRIES;SEASHELLS;3904.0;7
73400;Paris;Camilla;PEARLS;SEASHELLS;10002.0;1
73500;Paris;Charlie;DIVING_GEAR;SEASHELLS;99022.0;2
73600;Charlie;Paris;BANANAS;SEASHELLS;4877.0;2
73600;Charlie;Paris;PEARLS;SEASHELLS;9995.0;2
73700;Pablo;Charlie;PEARLS;SEASHELLS;10002.0;4
73800;Gary;Charlie;BANANAS;SEASHELLS;4884.0;16
73900;Paris;Charlie;PEARLS;SEASHELLS;10005.0;2
73900;Paris;Charlie;BANANAS;SEASHELLS;4884.0;2
74000;Charlie;Pablo;BANANAS;SEASHELLS;4878.0;2
74000;Caesar;Paris;PEARLS;SEASHELLS;9998.0;1
74100;Camilla;Penelope;BANANAS;SEASHELLS;4878.0;5
74200;Paris;Charlie;BANANAS;SEASHELLS;4882.0;1
74200;Paris;Camilla;PEARLS;SEASHELLS;10002.0;1
74200;Paris;Charlie;PEARLS;SEASHELLS;10002.0;1
74200;Paris;Camilla;BANANAS;SEASHELLS;4882.0;1
74300;Camilla;Paris;PEARLS;SEASHELLS;9998.0;1
74300;Paris;Caesar;BANANAS;SEASHELLS;4883.0;1
74300;Paris;Caesar;PEARLS;SEASHELLS;10004.0;1
74500;Pablo;Charlie;BANANAS;SEASHELLS;4882.0;1
74500;Paris;Charlie;BANANAS;SEASHELLS;4883.0;1
74600;Charlie;Pablo;PEARLS;SEASHELLS;9998.0;2
74700;Gary;Peter;BERRIES;SEASHELLS;3907.0;3
75000;Caesar;Caesar;COCONUTS;SEASHELLS;7962.0;79
75000;Caesar;Caesar;COCONUTS;SEASHELLS;7962.0;1
75000;Charlie;Paris;BANANAS;SEASHELLS;4877.0;1
75000;Charlie;Pablo;PEARLS;SEASHELLS;9998.0;4
75000;Caesar;Paris;PEARLS;SEASHELLS;9996.0;1
75300;Camilla;Paris;DIVING_GEAR;SEASHELLS;99052.0;3
75500;Caesar;Paris;BANANAS;SEASHELLS;4877.0;1
75500;Caesar;Paris;PEARLS;SEASHELLS;9996.0;1
75700;Paris;Charlie;BANANAS;SEASHELLS;4883.0;2
75700;Paris;Caesar;PEARLS;SEASHELLS;10004.0;2
75700;Penelope;Charlie;BANANAS;SEASHELLS;4883.0;7
75800;Charlie;Penelope;BANANAS;SEASHELLS;4876.0;3
75800;Paris;Camilla;BANANAS;SEASHELLS;4882.0;1
75900;Charlie;Pablo;BANANAS;SEASHELLS;4878.0;3
76500;Charlie;Penelope;BANANAS;SEASHELLS;4877.0;12
76600;Penelope;Charlie;BANANAS;SEASHELLS;4884.0;2
76700;Camilla;Paris;PEARLS;SEASHELLS;9998.0;2
76700;Caesar;Paris;BANANAS;SEASHELLS;4878.0;1
76700;Camilla;Camilla;DIVING_GEAR;SEASHELLS;99061.0;3
76700;Caesar;Paris;BANANAS;SEASHELLS;4880.0;2
76800;Caesar;Caesar;COCONUTS;SEASHELLS;7964.0;47
76900;Camilla;Paris;BANANAS;SEASHELLS;4877.0;1
76900;Paris;Camilla;BERRIES;SEASHELLS;3906.0;9
77100;Charlie;Camilla;DIVING_GEAR;SEASHELLS;99050.0;2
77300;Camilla;Paris;BANANAS;SEASHELLS;4878.0;1
77800;Caesar;Pablo;COCONUTS;SEASHELLS;7958.0;26
77900;Paris;Camilla;BANANAS;SEASHELLS;4885.0;1
78200;Paris;Charlie;PEARLS;SEASHELLS;10002.0;1
78200;Paris;Charlie;BANANAS;SEASHELLS;4886.0;1
78300;Charlie;Paris;DIVING_GEAR;SEASHELLS;99067.0;1
78400;Caesar;Peter;COCONUTS;SEASHELLS;7957.0;5
78500;Penelope;Charlie;PEARLS;SEASHELLS;10004.0;1
78500;Penelope;Caesar;PEARLS;SEASHELLS;10004.0;2
78700;Charlie;Penelope;PEARLS;SEASHELLS;9996.0;5
78700;Caesar;Penelope;PEARLS;SEASHELLS;9996.0;1
78800;Pablo;Charlie;BANANAS;SEASHELLS;4884.0;3
79200;Penelope;Camilla;PEARLS;SEASHELLS;10002.0;3
79300;Paris;Charlie;DIVING_GEAR;SEASHELLS;99049.0;1
79400;Charlie;Gary;BANANAS;SEASHELLS;4879.0;19
79400;Paris;Charlie;PEARLS;SEASHELLS;10005.0;1
79400;Paris;Charlie;BANANAS;SEASHELLS;4886.0;1
79500;Charlie;Paris;BANANAS;SEASHELLS;4880.0;1
79500;Penelope;Caesar;PEARLS;SEASHELLS;10004.0;2
79500;Charlie;Paris;BERRIES;SEASHELLS;3901.0;8
79700;Charlie;Pablo;BANANAS;SEASHELLS;4880.0;4
80000;Charlie;Paris;BANANAS;SEASHELLS;4879.0;1
80100;Caesar;Paris;PEARLS;SEASHELLS;9996.0;1
80100;Charlie;Paris;BANANAS;SEASHELLS;4879.0;1
80500;Paris;Caesar;BANANAS;SEASHELLS;4884.0;1
80500;Paris;Paris;PEARLS;SEASHELLS;9998.0;1
80900;Paris;Charlie;DIVING_GEAR;SEASHELLS;99069.0;1
81200;Paris;Camilla;PEARLS;SEASHELLS;10002.0;2
81200;Paris;Camilla;BANANAS;SEASHELLS;4883.0;2
81300;Paris;Caesar;PEARLS;SEASHELLS;10004.0;2
81300;Paris;Charlie;BANANAS;SEASHELLS;4883.0;1
81300;Paris;Charlie;BANANAS;SEASHELLS;4884.0;2
81300;Paris;Charlie;PEARLS;SEASHELLS;10002.0;1
81500;Camilla;Paris;PEARLS;SEASHELLS;9998.0;1
81600;Pablo;Charlie;PEARLS;SEASHELLS;10002.0;1
82000;Paris;Camilla;PEARLS;SEASHELLS;10002.0;1
82100;Camilla;Pablo;PEARLS;SEASHELLS;9998.0;4
82200;Charlie;Gary;BANANAS;SEASHELLS;4879.0;20
82300;Gary;Caesar;PEARLS;SEASHELLS;10004.0;2
82300;Gary;Charlie;PEARLS;SEASHELLS;10004.0;7
82400;Charlie;Gary;BANANAS;SEASHELLS;4879.0;14
82500;Charlie;Pablo;PEARLS;SEASHELLS;9998.0;3
82500;Camilla;Paris;DIVING_GEAR;SEASHELLS;99078.0;2
82500;Camilla;Camilla;DIVING_GEAR;SEASHELLS;99080.0;1
82800;Pablo;Charlie;BANANAS;SEASHELLS;4884.0;4
82900;Gary;Charlie;BANANAS;SEASHELLS;4886.0;16
83100;Charlie;Pablo;PEARLS;SEASHELLS;9998.0;5
83600;Camilla;Paris;PEARLS;SEASHELLS;9998.0;1
83600;Charlie;Paris;PEARLS;SEASHELLS;9998.0;1
83600;Charlie;Paris;BANANAS;SEASHELLS;4883.0;1
83600;Camilla;Paris;BANANAS;SEASHELLS;4883.0;1
83800;Charlie;Gary;PEARLS;SEASHELLS;9995.0;11
83800;Gary;Camilla;BERRIES;SEASHELLS;3908.0;11
83800;Charlie;Pablo;PEARLS;SEASHELLS;9998.0;2
84000;Caesar;Paris;BANANAS;SEASHELLS;4883.0;1
84700;Pablo;Paris;PEARLS;SEASHELLS;10002.0;1
84700;Pablo;Camilla;PEARLS;SEASHELLS;10002.0;2
84800;Gary;Camilla;BERRIES;SEASHELLS;3907.0;18
84900;Gary;Camilla;BANANAS;SEASHELLS;4886.0;5
85100;Caesar;Gary;PEARLS;SEASHELLS;9996.0;1
85300;Paris;Charlie;DIVING_GEAR;SEASHELLS;99018.0;2
85500;Charlie;Paris;DIVING_GEAR;SEASHELLS;99025.0;3
85500;Paris;Gina;BANANAS;SEASHELLS;4886.0;1
85900;Paris;Gina;PEARLS;SEASHELLS;10002.0;1
85900;Gary;Gina;PEARLS;SEASHELLS;9998.0;8
86000;Charlie;Paris;BANANAS;SEASHELLS;4882.0;1
86100;Charlie;Paris;BANANAS;SEASHELLS;4882.0;1
86100;Caesar;Peter;PINA_COLADAS;SEASHELLS;14954.0;2
86100;Penelope;Camilla;BERRIES;SEASHELLS;3908.0;12
86200;Pablo;Paris;BANANAS;SEASHELLS;4885.0;1
86200;Pablo;Charlie;BANANAS;SEASHELLS;4885.0;3
86600;Charlie;Paris;BANANAS;SEASHELLS;4882.0;1
86600;Paris;Gina;PEARLS;SEASHELLS;10002.0;1
86700;Charlie;Paris;BANANAS;SEASHELLS;4882.0;1
86900;Caesar;Peter;PINA_COLADAS;SEASHELLS;14952.0;5
87000;Caesar;Paris;PEARLS;SEASHELLS;9996.0;1
87000;Charlie;Paris;BANANAS;SEASHELLS;4882.0;1
87100;Charlie;Camilla;DIVING_GEAR;SEASHELLS;99026.0;3
87200;Charlie;Pablo;COCONUTS;SEASHELLS;7969.0;18
87300;Charlie;Penelope;PEARLS;SEASHELLS;9996.0;5
87300;Caesar;Penelope;PEARLS;SEASHELLS;9996.0;2
87400;Charlie;Paris;BANANAS;SEASHELLS;4883.0;1
87600;Paris;Charlie;BANANAS;SEASHELLS;4889.0;1
87700;Charlie;Pablo;BANANAS;SEASHELLS;4885.0;5
87800;Charlie;Pablo;PEARLS;SEASHELLS;9998.0;1
87900;Paris;Penelope;BANANAS;SEASHELLS;4889.0;1
88000;Pablo;Penelope;PEARLS;SEASHELLS;10002.0;1
88200;Charlie;Caesar;BANANAS;SEASHELLS;4886.0;1
88200;Paris;Caesar;BANANAS;SEASHELLS;4886.0;1
88200;Paris;Pablo;PEARLS;SEASHELLS;9998.0;1
88200;Charlie;Pablo;PEARLS;SEASHELLS;9998.0;2
88500;Paris;Charlie;PEARLS;SEASHELLS;10005.0;1
88500;Paris;Charlie;BANANAS;SEASHELLS;4890.0;1
89100;Charlie;Paris;BANANAS;SEASHELLS;4885.0;1
89300;Charlie;Penelope;BANANAS;SEASHELLS;4885.0;4
89500;Charlie;Gary;BANANAS;SEASHELLS;4885.0;19
89600;Camilla;Penelope;BERRIES;SEASHELLS;3901.0;11
89800;Paris;Charlie;BANANAS;SEASHELLS;4890.0;1
89900;Paris;Charlie;BANANAS;SEASHELLS;4892.0;1
89900;Paris;Caesar;PEARLS;SEASHELLS;10004.0;1
90100;Charlie;Paris;PEARLS;SEASHELLS;9998.0;1
90200;Paris;Charlie;BANANAS;SEASHELLS;4892.0;1
90200;Paris;Caesar;PEARLS;SEASHELLS;10004.0;1
90300;Paris;Charlie;BANANAS;SEASHELLS;4893.0;2
90300;Paris;Charlie;PEARLS;SEASHELLS;10005.0;2
90500;Peter;Charlie;PINA_COLADAS;SEASHELLS;14945.0;3
90500;Paris;Caesar;PEARLS;SEASHELLS;10004.0;1
90500;Paris;Charlie;BANANAS;SEASHELLS;4893.0;1
90600;Caesar;Olivia;BANANAS;SEASHELLS;4887.0;2
90600;Charlie;Olivia;BANANAS;SEASHELLS;4886.0;15
90700;Paris;Charlie;PEARLS;SEASHELLS;10005.0;1
90700;Paris;Charlie;BANANAS;SEASHELLS;4893.0;1
91000;Paris;Gary;PEARLS;SEASHELLS;10002.0;1
91100;Paris;Charlie;DIVING_GEAR;SEASHELLS;99059.0;1
91600;Charlie;Paris;BANANAS;SEASHELLS;4886.0;1
91700;Caesar;Caesar;COCONUTS;SEASHELLS;7962.0;40
91700;Caesar;Caesar;COCONUTS;SEASHELLS;7962.0;39
91800;Caesar;Paris;BANANAS;SEASHELLS;4886.0;1
91900;Caesar;Caesar;PINA_COLADAS;SEASHELLS;14943.0;29
92100;Camilla;Paris;DIVING_GEAR;SEASHELLS;99085.0;3
92200;Pablo;Charlie;PEARLS;SEASHELLS;10002.0;3
92300;Caesar;Paris;BANANAS;SEASHELLS;4885.0;1
92300;Paris;Caesar;PEARLS;SEASHELLS;10004.0;1
92300;Paris;Charlie;BANANAS;SEASHELLS;4891.0;1
92400;Paris;Camilla;BANANAS;SEASHELLS;4889.0;2
92400;Paris;Camilla;PEARLS;SEASHELLS;10002.0;2
92400;Camilla;Paris;BERRIES;SEASHELLS;3902.0;4
93100;Paris;Caesar;PEARLS;SEASHELLS;10002.0;1
93500;Camilla;Paris;BERRIES;SEASHELLS;3898.0;5
93600;Paris;Camilla;BANANAS;SEASHELLS;4887.0;1
93600;Paris;Paris;PEARLS;SEASHELLS;9998.0;1
93900;Camilla;Paris;DIVING_GEAR;SEASHELLS;99079.0;1
94400;Charlie;Pablo;COCONUTS;SEASHELLS;7965.0;21
94500;Camilla;Paris;BERRIES;SEASHELLS;3897.0;3
94700;Paris;Charlie;BANANAS;SEASHELLS;4885.0;1
94800;Caesar;Paris;PEARLS;SEASHELLS;9996.0;1
94800;Charlie;Paris;BANANAS;SEASHELLS;4880.0;2
94800;Charlie;Paris;PEARLS;SEASHELLS;9996.0;1
95100;Paris;Charlie;BANANAS;SEASHELLS;4885.0;1
95300;Paris;Charlie;BANANAS;SEASHELLS;4886.0;1
95600;Charlie;Paris;PEARLS;SEASHELLS;9998.0;1
95700;Camilla;Paris;BERRIES;SEASHELLS;3897.0;3
95700;Gina;Camilla;PEARLS;SEASHELLS;10002.0;7
95800;Charlie;Paris;BANANAS;SEASHELLS;4880.0;1
95800;Charlie;Paris;PEARLS;SEASHELLS;9998.0;1
95900;Penelope;Charlie;BANANAS;SEASHELLS;4887.0;12
95900;Paris;Charlie;BANANAS;SEASHELLS;4885.0;1
96000;Paris;Charlie;BANANAS;SEASHELLS;4885.0;1
96100;Paris;Camilla;PEARLS;SEASHELLS;10002.0;2
96100;Charlie;Paris;BANANAS;SEASHELLS;4880.0;1
96100;Paris;Camilla;BANANAS;SEASHELLS;4885.0;2
96300;Penelope;Charlie;BANANAS;SEASHELLS;4886.0;2
96600;Charlie;Paris;BANANAS;SEASHELLS;4879.0;1
96800;Caesar;Caesar;COCONUTS;SEASHELLS;7973.0;45
97000;Charlie;Gina;BANANAS;SEASHELLS;4880.0;10
97100;Peter;Charlie;COCONUTS;SEASHELLS;7977.0;7
97200;Gina;Charlie;BANANAS;SEASHELLS;4883.0;9
97900;Pablo;Charlie;PEARLS;SEASHELLS;10002.0;3
98000;Penelope;Caesar;PEARLS;SEASHELLS;10004.0;2
98000;Penelope;Charlie;PEARLS;SEASHELLS;10004.0;3
98100;Camilla;Pablo;PEARLS;SEASHELLS;9998.0;1
98100;Charlie;Paris;DIVING_GEAR;SEASHELLS;99070.0;1
98100;Camilla;Paris;BERRIES;SEASHELLS;3894.0;6
98100;Camilla;Paris;BANANAS;SEASHELLS;4879.0;1
98400;Charlie;Paris;DIVING_GEAR;SEASHELLS;99095.0;1
98500;Charlie;Paris;PEARLS;SEASHELLS;9998.0;1
98600;Gary;Charlie;PEARLS;SEASHELLS;10005.0;9
98800;Paris;Camilla;BERRIES;SEASHELLS;3902.0;1
98900;Penelope;Charlie;PEARLS;SEASHELLS;10005.0;2
98900;Gary;Caesar;PEARLS;SEASHELLS;10004.0;1
99100;Charlie;Pablo;PINA_COLADAS;SEASHELLS;14966.0;6
99200;Charlie;Paris;PEARLS;SEASHELLS;9995.0;2
99200;Charlie;Paris;BANANAS;SEASHELLS;4879.0;2
99300;Charlie;Paris;PEARLS;SEASHELLS;9998.0;1
99300;Paris;Charlie;BANANAS;SEASHELLS;4884.0;1
99500;Charlie;Pablo;PEARLS;SEASHELLS;9998.0;3
99500;Gary;Charlie;BANANAS;SEASHELLS;4886.0;14
99600;Charlie;Caesar;BANANAS;SEASHELLS;4881.0;1
99600;Paris;Camilla;BERRIES;SEASHELLS;3901.0;4
99700;Caesar;Paris;BANANAS;SEASHELLS;4881.0;2
99700;Charlie;Paris;PEARLS;SEASHELLS;9995.0;2
99900;Camilla;Paris;BANANAS;SEASHELLS;4879.0;1
99900;Camilla;Charlie;DIVING_GEAR;SEASHELLS;99109.0;1
100200;Caesar;Pablo;PINA_COLADAS;SEASHELLS;14961.0;11
100400;Charlie;Camilla;DIVING_GEAR;SEASHELLS;99097.0;1
100400;Pablo;Charlie;PEARLS;SEASHELLS;10002.0;1
100500;Camilla;Gary;BERRIES;SEASHELLS;3894.0;12
100600;Paris;Charlie;PEARLS;SEASHELLS;10002.0;1
100700;Charlie;Penelope;PEARLS;SEASHELLS;9998.0;1
100700;Camilla;Paris;PEARLS;SEASHELLS;9998.0;1
100700;Camilla;Penelope;PEARLS;SEASHELLS;9998.0;6
101400;Paris;Caesar;BANANAS;SEASHELLS;4886.0;1
101400;Camilla;Paris;BERRIES;SEASHELLS;3892.0;1
101500;Paris;Charlie;BANANAS;SEASHELLS;4886.0;1
101900;Paris;Charlie;BANANAS;SEASHELLS;4886.0;1
102200;Charlie;Penelope;BANANAS;SEASHELLS;4880.0;6
102400;Peter;Charlie;COCONUTS;SEASHELLS;7984.0;8
102500;Camilla;Paris;DIVING_GEAR;SEASHELLS;99060.0;3
102500;Camilla;Paris;BERRIES;SEASHELLS;3893.0;7
102500;Paris;Pablo;PEARLS;SEASHELLS;9998.0;1
102500;Paris;Camilla;BANANAS;SEASHELLS;4885.0;2
102700;Charlie;Paris;PEARLS;SEASHELLS;9998.0;1
102800;Charlie;Pablo;BANANAS;SEASHELLS;4882.0;5
102900;Charlie;Penelope;PEARLS;SEASHELLS;9995.0;6
103300;Caesar;Caesar;COCONUTS;SEASHELLS;7984.0;68
103300;Paris;Charlie;DIVING_GEAR;SEASHELLS;99081.0;2
103400;Charlie;Paris;BANANAS;SEASHELLS;4880.0;1
103600;Pablo;Charlie;PEARLS;SEASHELLS;10002.0;2
103700;Penelope;Caesar;PEARLS;SEASHELLS;10004.0;1
104400;Paris;Charlie;BANANAS;SEASHELLS;4888.0;2
104400;Paris;Charlie;PEARLS;SEASHELLS;10005.0;2
104400;Paris;Charlie;PEARLS;SEASHELLS;10002.0;1
104500;Caesar;Paris;PEARLS;SEASHELLS;9996.0;2
104500;Charlie;Paris;BANANAS;SEASHELLS;4881.0;2
104600;Charlie;Gary;PEARLS;SEASHELLS;9996.0;6
104600;Caesar;Gary;PEARLS;SEASHELLS;9996.0;2
104800;Paris;Charlie;BANANAS;SEASHELLS;4886.0;1
104800;Paris;Camilla;BERRIES;SEASHELLS;3903.0;1
104900;Paris;Charlie;BANANAS;SEASHELLS;4888.0;1
105200;Paris;Charlie;PEARLS;SEASHELLS;10002.0;1
105300;Charlie;Pablo;PEARLS;SEASHELLS;9998.0;1
105400;Paris;Camilla;BERRIES;SEASHELLS;3905.0;4
105800;Caesar;Caesar;PINA_COLADAS;SEASHELLS;14977.0;22
105800;Charlie;Paris;BANANAS;SEASHELLS;4884.0;2
105800;Charlie;Paris;PEARLS;SEASHELLS;9995.0;2
105900;Paris;Charlie;BANANAS;SEASHELLS;4890.0;1
106300;Charlie;Pablo;BANANAS;SEASHELLS;4886.0;3
106300;Pablo;Charlie;PEARLS;SEASHELLS;10002.0;5
106500;Paris;Charlie;BANANAS;SEASHELLS;4889.0;1
106600;Paris;Camilla;BERRIES;SEASHELLS;3907.0;9
106800;Paris;Camilla;PEARLS;SEASHELLS;10002.0;1
106900;Paris;Camilla;BERRIES;SEASHELLS;3908.0;4
107500;Peter;Charlie;COCONUTS;SEASHELLS;7982.0;6
107500;Pablo;Charlie;PEARLS;SEASHELLS;10002.0;3
107800;Charlie;Camilla;DIVING_GEAR;SEASHELLS;99026.0;1
107900;Camilla;Penelope;BERRIES;SEASHELLS;3900.0;12
108400;Charlie;Pablo;PEARLS;SEASHELLS;9998.0;5
108400;Charlie;Caesar;BANANAS;SEASHELLS;4885.0;6
108500;Charlie;Peter;COCONUTS;SEASHELLS;7981.0;5
108600;Charlie;Pablo;PEARLS;SEASHELLS;9998.0;4
108800;Charlie;Paris;DIVING_GEAR;SEASHELLS;99041.0;2
108900;Charlie;Paris;PEARLS;SEASHELLS;9998.0;1
109000;Charlie;Paris;PEARLS;SEASHELLS;9998.0;1
109100;Paris;Charlie;DIVING_GEAR;SEASHELLS;99051.0;3
109200;Peter;Caesar;PINA_COLADAS;SEASHELLS;14978.0;3
109400;Penelope;Camilla;PEARLS;SEASHELLS;10002.0;7
109400;Paris;Pablo;BANANAS;SEASHELLS;4882.0;1
109500;Charlie;Paris;BANANAS;SEASHELLS;4881.0;1
109500;Charlie;Gary;PEARLS;SEASHELLS;9995.0;10
110100;Gina;Charlie;BANANAS;SEASHELLS;4885.0;10
110500;Paris;Camilla;BERRIES;SEASHELLS;3900.0;7
110600;Paris;Camilla;PEARLS;SEASHELLS;10002.0;1
110700;Paris;Charlie;PEARLS;SEASHELLS;10002.0;1
110800;Pablo;Charlie;BANANAS;SEASHELLS;4886.0;1
110900;Paris;Charlie;BANANAS;SEASHELLS;4887.0;1
110900;Paris;Charlie;PEARLS;SEASHELLS;10004.0;1
110900;Paris;Charlie;BANANAS;SEASHELLS;4889.0;2
110900;Paris;Caesar;PEARLS;SEASHELLS;10004.0;1
111000;Camilla;Penelope;BERRIES;SEASHELLS;3891.0;13
111100;Paris;Caesar;BANANAS;SEASHELLS;4888.0;1
111100;Paris;Charlie;BANANAS;SEASHELLS;4888.0;1
111100;Paris;Charlie;PEARLS;SEASHELLS;10004.0;1
111100;Paris;Caesar;PEARLS;SEASHELLS;10004.0;1
111200;Gina;Charlie;PEARLS;SEASHELLS;10002.0;6
111500;Charlie;Paris;BANANAS;SEASHELLS;4882.0;1
111600;Camilla;Paris;BANANAS;SEASHELLS;4882.0;1
111900;Pablo;Camilla;PEARLS;SEASHELLS;10002.0;3
112000;Paris;Caesar;PEARLS;SEASHELLS;10004.0;1
112000;Paris;Caesar;BANANAS;SEASHELLS;4888.0;1
112400;Charlie;Penelope;PEARLS;SEASHELLS;9995.0;6
113500;Camilla;Paris;PEARLS;SEASHELLS;9998.0;1
113700;Paris;Charlie;BANANAS;SEASHELLS;4884.0;1
113700;Paris;Charlie;PEARLS;SEASHELLS;10002.0;1
113900;Paris;Charlie;BANANAS;SEASHELLS;4885.0;1
114000;Camilla;Gina;BANANAS;SEASHELLS;4880.0;5
114000;Charlie;Gina;BANANAS;SEASHELLS;4880.0;4
114000;Caesar;Gina;BANANAS;SEASHELLS;4880.0;1
114100;Pablo;Charlie;PEARLS;SEASHELLS;10002.0;4
114300;Camilla;Camilla;DIVING_GEAR;SEASHELLS;98980.0;1
114300;Penelope;Camilla;PEARLS;SEASHELLS;10002.0;6
114400;Charlie;Penelope;BANANAS;SEASHELLS;4880.0;4
114700;Charlie;Paris;DIVING_GEAR;SEASHELLS;98994.0;3
114800;Pablo;Caesar;PINA_COLADAS;SEASHELLS;14962.0;8
114800;Charlie;Paris;PEARLS;SEASHELLS;9998.0;1
115000;Penelope;Charlie;BANANAS;SEASHELLS;4887.0;11
115000;Penelope;Caesar;PEARLS;SEASHELLS;10004.0;1
115000;Charlie;Paris;DIVING_GEAR;SEASHELLS;98988.0;1
115400;Camilla;Paris;DIVING_GEAR;SEASHELLS;98971.0;3
115400;Paris;Charlie;BANANAS;SEASHELLS;4885.0;1
115500;Charlie;Paris;BANANAS;SEASHELLS;4881.0;1
115900;Paris;Charlie;BANANAS;SEASHELLS;4888.0;2
115900;Pablo;Caesar;BANANAS;SEASHELLS;4886.0;3
115900;Paris;Caesar;PEARLS;SEASHELLS;10000.0;2
116200;Charlie;Gary;BANANAS;SEASHELLS;4881.0;18
116300;Paris;Charlie;DIVING_GEAR;SEASHELLS;98936.0;2
116600;Caesar;Caesar;COCONUTS;SEASHELLS;7969.0;49
116800;Paris;Charlie;PEARLS;SEASHELLS;10002.0;1
117100;Camilla;Pablo;PEARLS;SEASHELLS;9998.0;3
117100;Camilla;Paris;PEARLS;SEASHELLS;9998.0;1
117400;Charlie;Gary;PEARLS;SEASHELLS;9996.0;7
117400;Caesar;Gary;PEARLS;SEASHELLS;9996.0;1
117500;Caesar;Paris;BANANAS;SEASHELLS;4882.0;1
117900;Charlie;Gary;BANANAS;SEASHELLS;4882.0;16
118300;Pablo;Paris;BANANAS;SEASHELLS;4885.0;1
118300;Charlie;Paris;PEARLS;SEASHELLS;9995.0;1
118500;Charlie;Pablo;COCONUTS;SEASHELLS;7963.0;21
118700;Paris;Charlie;PEARLS;SEASHELLS;10002.0;1
119100;Charlie;Penelope;BANANAS;SEASHELLS;4880.0;4
119400;Paris;Camilla;PEARLS;SEASHELLS;10002.0;1
119600;Paris;Charlie;PEARLS;SEASHELLS;10004.0;1
119600;Paris;Caesar;PEARLS;SEASHELLS;10004.0;1
119600;Paris;Charlie;BANANAS;SEASHELLS;4886.0;2
120000;Camilla;Paris;PEARLS;SEASHELLS;9998.0;1
120000;Camilla;Paris;BANANAS;SEASHELLS;4879.0;1
120300;Charlie;Paris;PEARLS;SEASHELLS;9998.0;1
120600;Charlie;Paris;BANANAS;SEASHELLS;4877.0;1
120700;Charlie;Paris;PEARLS;SEASHELLS;9998.0;1
120800;Charlie;Paris;BANANAS;SEASHELLS;4877.0;1
120800;Pablo;Charlie;PEARLS;SEASHELLS;10002.0;5
120900;Camilla;Paris;PEARLS;SEASHELLS;9998.0;1
121000;Camilla;Gary;PEARLS;SEASHELLS;9998.0;2
121000;Charlie;Gary;PEARLS;SEASHELLS;9998.0;6
121000;Penelope;Camilla;BERRIES;SEASHELLS;3898.0;12
121300;Camilla;Paris;PEARLS;SEASHELLS;9998.0;1
121500;Pablo;Caesar;COCONUTS;SEASHELLS;7957.0;21
121500;Camilla;Penelope;BERRIES;SEASHELLS;3889.0;10
122200;Charlie;Paris;PEARLS;SEASHELLS;9998.0;1
122200;Charlie;Pablo;BANANAS;SEASHELLS;4878.0;1
122200;Charlie;Gary;BANANAS;SEASHELLS;4877.0;15
122500;Pablo;Charlie;BANANAS;SEASHELLS;4882.0;4
122600;Charlie;Paris;BANANAS;SEASHELLS;4877.0;1
123100;Paris;Charlie;DIVING_GEAR;SEASHELLS;98940.0;3
123200;Paris;Charlie;BANANAS;SEASHELLS;4881.0;1
123500;Pablo;Camilla;PEARLS;SEASHELLS;10002.0;5
123500;Caesar;Paris;BANANAS;SEASHELLS;4875.0;1
123500;Charlie;Penelope;BANANAS;SEASHELLS;4874.0;7
123600;Charlie;Paris;PEARLS;SEASHELLS;9995.0;2
123600;Charlie;Paris;BANANAS;SEASHELLS;4875.0;2
123700;Paris;Charlie;BANANAS;SEASHELLS;4880.0;1
123700;Paris;Charlie;PEARLS;SEASHELLS;10002.0;1
123900;Gary;Camilla;BERRIES;SEASHELLS;3895.0;20
124000;Paris;Charlie;PEARLS;SEASHELLS;10002.0;1
124000;Paris;Charlie;BANANAS;SEASHELLS;4880.0;1
124300;Charlie;Paris;PEARLS;SEASHELLS;9998.0;1
124300;Charlie;Paris;BANANAS;SEASHELLS;4876.0;1
124500;Charlie;Paris;PEARLS;SEASHELLS;9998.0;1
124700;Pablo;Peter;BERRIES;SEASHELLS;3893.0;4
124900;Pablo;Charlie;PEARLS;SEASHELLS;10002.0;2
125500;Charlie;Paris;BANANAS;SEASHELLS;4874.0;1
126100;Peter;Charlie;PINA_COLADAS;SEASHELLS;14925.0;5
126300;Camilla;Camilla;DIVING_GEAR;SEASHELLS;99019.0;3
126400;Paris;Charlie;DIVING_GEAR;SEASHELLS;99021.0;1
126500;Camilla;Paris;BERRIES;SEASHELLS;3886.0;7
126500;Paris;Charlie;BANANAS;SEASHELLS;4878.0;1
126500;Paris;Camilla;DIVING_GEAR;SEASHELLS;99020.0;2
126600;Camilla;Paris;DIVING_GEAR;SEASHELLS;99025.0;1
126700;Paris;Camilla;BANANAS;SEASHELLS;4878.0;1
126800;Penelope;Camilla;BERRIES;SEASHELLS;3893.0;11
127000;Charlie;Paris;BANANAS;SEASHELLS;4874.0;1
127100;Peter;Charlie;COCONUTS;SEASHELLS;7955.0;6
127400;Charlie;Paris;PEARLS;SEASHELLS;9998.0;0
127400;Camilla;Paris;PEARLS;SEASHELLS;9998.0;1
127400;Camilla;Gina;PEARLS;SEASHELLS;9998.0;5
127400;Charlie;Gina;PEARLS;SEASHELLS;9998.0;1
127500;Charlie;Camilla;DIVING_GEAR;SEASHELLS;99018.0;3
127600;Charlie;Paris;BANANAS;SEASHELLS;4874.0;1
127600;Paris;Charlie;PEARLS;SEASHELLS;10002.0;1
128000;Pablo;Charlie;PEARLS;SEASHELLS;10002.0;4
128500;Charlie;Peter;COCONUTS;SEASHELLS;7951.0;8
128700;Peter;Penelope;BERRIES;SEASHELLS;3892.0;4
128800;Camilla;Paris;BANANAS;SEASHELLS;4873.0;1
129000;Charlie;Paris;BANANAS;SEASHELLS;4873.0;1
129600;Paris;Charlie;PEARLS;SEASHELLS;10002.0;1
129700;Paris;Charlie;BANANAS;SEASHELLS;4878.0;2
129700;Paris;Charlie;PEARLS;SEASHELLS;10005.0;2
129800;Pablo;Charlie;BANANAS;SEASHELLS;4876.0;5
129900;Charlie;Paris;BANANAS;SEASHELLS;4872.0;1
130000;Charlie;Paris;PEARLS;SEASHELLS;9998.0;1
130100;Camilla;Camilla;DIVING_GEAR;SEASHELLS;99036.0;3
130200;Paris;Charlie;DIVING_GEAR;SEASHELLS;99030.0;1
130300;Paris;Paris;PEARLS;SEASHELLS;9998.0;1
130300;Paris;Camilla;BANANAS;SEASHELLS;4875.0;1
130400;Charlie;Paris;DIVING_GEAR;SEASHELLS;99021.0;3
130500;Charlie;Paris;PEARLS;SEASHELLS;9998.0;1
130600;Paris;Camilla;BERRIES;SEASHELLS;3894.0;8
130600;Paris;Charlie;PEARLS;SEASHELLS;10002.0;1
130700;Charlie;Penelope;BANANAS;SEASHELLS;4870.0;12
130700;Camilla;Paris;DIVING_GEAR;SEASHELLS;99024.0;3
130800;Gary;Camilla;BERRIES;SEASHELLS;3894.0;10
131000;Paris;Charlie;DIVING_GEAR;SEASHELLS;99018.0;3
131000;Pablo;Charlie;BANANAS;SEASHELLS;4874.0;1
131100;Charlie;Paris;BANANAS;SEASHELLS;4870.0;1
131200;Charlie;Camilla;DIVING_GEAR;SEASHELLS;99022.0;1
131300;Pablo;Charlie;BANANAS;SEASHELLS;4874.0;2
131800;Caesar;Gary;PEARLS;SEASHELLS;9996.0;1
132100;Pablo;Charlie;BANANAS;SEASHELLS;4875.0;5
132100;Paris;Charlie;BANANAS;SEASHELLS;4876.0;1
132100;Paris;Charlie;PEARLS;SEASHELLS;10002.0;1
132200;Penelope;Caesar;PEARLS;SEASHELLS;10004.0;2
132200;Camilla;Paris;BANANAS;SEASHELLS;4871.0;1
132200;Penelope;Charlie;PEARLS;SEASHELLS;10004.0;6
132300;Caesar;Caesar;COCONUTS;SEASHELLS;7953.0;47
132400;Charlie;Gary;BANANAS;SEASHELLS;4871.0;15
132500;Camilla;Paris;DIVING_GEAR;SEASHELLS;99017.0;1
132500;Paris;Charlie;PEARLS;SEASHELLS;10002.0;1
132500;Charlie;Paris;BANANAS;SEASHELLS;4871.0;1
132600;Charlie;Paris;PEARLS;SEASHELLS;9998.0;1
133300;Pablo;Charlie;BANANAS;SEASHELLS;4875.0;2
133500;Gina;Camilla;BANANAS;SEASHELLS;4876.0;8
133800;Camilla;Camilla;DIVING_GEAR;SEASHELLS;99030.0;3
133800;Charlie;Gary;BANANAS;SEASHELLS;4870.0;19
134000;Charlie;Penelope;PEARLS;SEASHELLS;9996.0;3
134000;Charlie;Paris;BANANAS;SEASHELLS;4871.0;1
134000;Caesar;Penelope;PEARLS;SEASHELLS;9996.0;2
134100;Charlie;Camilla;DIVING_GEAR;SEASHELLS;99018.0;3
134200;Paris;Charlie;BANANAS;SEASHELLS;4877.0;1
134200;Paris;Paris;PEARLS;SEASHELLS;9998.0;1
134400;Paris;Charlie;BANANAS;SEASHELLS;4876.0;1
134400;Paris;Caesar;PEARLS;SEASHELLS;10004.0;1
134400;Paris;Charlie;PEARLS;SEASHELLS;10004.0;1
134400;Paris;Charlie;BANANAS;SEASHELLS;4877.0;2
134600;Paris;Camilla;BERRIES;SEASHELLS;3891.0;2
134900;Caesar;Peter;PINA_COLADAS;SEASHELLS;14914.0;2
135200;Paris;Camilla;PEARLS;SEASHELLS;10002.0;1
135200;Paris;Camilla;BANANAS;SEASHELLS;4875.0;1
135600;Camilla;Paris;BERRIES;SEASHELLS;3887.0;6
135700;Charlie;Penelope;PEARLS;SEASHELLS;9995.0;2
135700;Camilla;Paris;DIVING_GEAR;SEASHELLS;99010.0;3
136000;Caesar;Peter;COCONUTS;SEASHELLS;7947.0;9
136500;Charlie;Pablo;BANANAS;SEASHELLS;4871.0;2
136600;Charlie;Paris;BANANAS;SEASHELLS;4869.0;1
136900;Paris;Camilla;PEARLS;SEASHELLS;10002.0;2
136900;Charlie;Peter;PINA_COLADAS;SEASHELLS;14907.0;3
136900;Paris;Camilla;BANANAS;SEASHELLS;4872.0;2
136900;Charlie;Paris;BANANAS;SEASHELLS;4868.0;1
137200;Paris;Paris;PEARLS;SEASHELLS;10002.0;1
137200;Charlie;Paris;BANANAS;SEASHELLS;4868.0;1
137500;Paris;Caesar;BANANAS;SEASHELLS;4874.0;2
137500;Charlie;Pablo;PINA_COLADAS;SEASHELLS;14899.0;8
137500;Paris;Camilla;PEARLS;SEASHELLS;10002.0;2
137500;Gina;Camilla;BANANAS;SEASHELLS;4873.0;7
137800;Pablo;Charlie;PEARLS;SEASHELLS;10002.0;4
137800;Pablo;Paris;PEARLS;SEASHELLS;10002.0;1
138000;Charlie;Paris;PEARLS;SEASHELLS;9998.0;1
138000;Camilla;Paris;DIVING_GEAR;SEASHELLS;98962.0;1
138100;Camilla;Gary;BANANAS;SEASHELLS;4868.0;10
138200;Gary;Paris;PEARLS;SEASHELLS;10004.0;2
138200;Gary;Caesar;PEARLS;SEASHELLS;10004.0;2
138200;Charlie;Paris;BANANAS;SEASHELLS;4867.0;2
138200;Gary;Charlie;PEARLS;SEASHELLS;10004.0;6
138300;Charlie;Paris;PEARLS;SEASHELLS;9995.0;2
138300;Charlie;Paris;BANANAS;SEASHELLS;4868.0;2
138500;Charlie;Penelope;BANANAS;SEASHELLS;4867.0;5
139200;Paris;Charlie;BANANAS;SEASHELLS;4873.0;1
139200;Paris;Charlie;PEARLS;SEASHELLS;10002.0;1
139400;Gary;Caesar;PEARLS;SEASHELLS;10004.0;1
139500;Charlie;Paris;BANANAS;SEASHELLS;4870.0;1
139800;Caesar;Paris;PEARLS;SEASHELLS;9998.0;1
140300;Gary;Charlie;BANANAS;SEASHELLS;4877.0;16
140700;Charlie;Paris;DIVING_GEAR;SEASHELLS;98993.0;1
140800;Charlie;Paris;BANANAS;SEASHELLS;4872.0;1
141000;Charlie;Penelope;BANANAS;SEASHELLS;4872.0;12
141300;Paris;Charlie;BANANAS;SEASHELLS;4878.0;1
141300;Paris;Caesar;PEARLS;SEASHELLS;10004.0;1
141800;Camilla;Paris;PEARLS;SEASHELLS;9998.0;1
141900;Gary;Camilla;PEARLS;SEASHELLS;10002.0;10
142400;Charlie;Paris;BANANAS;SEASHELLS;4871.0;1
142500;Peter;Caesar;COCONUTS;SEASHELLS;7938.0;10
142600;Charlie;Paris;BANANAS;SEASHELLS;4871.0;1
142800;Paris;Charlie;BANANAS;SEASHELLS;4876.0;1
142800;Charlie;Pablo;PEARLS;SEASHELLS;9998.0;5
143200;Paris;Charlie;PEARLS;SEASHELLS;10005.0;2
143200;Paris;Charlie;BANANAS;SEASHELLS;4877.0;2
143300;Gary;Charlie;PEARLS;SEASHELLS;10005.0;12
143300;Penelope;Charlie;BANANAS;SEASHELLS;4877.0;10
143400;Pablo;Charlie;BANANAS;SEASHELLS;4875.0;2
143500;Penelope;Camilla;BERRIES;SEASHELLS;3900.0;11
143500;Peter;Charlie;COCONUTS;SEASHELLS;7937.0;9
143500;Camilla;Pablo;PEARLS;SEASHELLS;9998.0;5
143800;Camilla;Paris;BANANAS;SEASHELLS;4871.0;2
143800;Camilla;Paris;PEARLS;SEASHELLS;9998.0;2
144300;Paris;Paris;BANANAS;SEASHELLS;4876.0;1
144300;Charlie;Paris;PEARLS;SEASHELLS;9995.0;1
144600;Charlie;Penelope;BANANAS;SEASHELLS;4871.0;5
144700;Charlie;Camilla;DIVING_GEAR;SEASHELLS;98977.0;1
145200;Paris;Camilla;BANANAS;SEASHELLS;4875.0;1
145300;Paris;Charlie;PEARLS;SEASHELLS;10002.0;1
145400;Camilla;Penelope;BERRIES;SEASHELLS;3895.0;13
145900;Paris;Camilla;BERRIES;SEASHELLS;3902.0;10
146100;Paris;Charlie;DIVING_GEAR;SEASHELLS;98998.0;3
146200;Paris;Caesar;PEARLS;SEASHELLS;10004.0;2
146200;Paris;Charlie;BANANAS;SEASHELLS;4876.0;2
146500;Charlie;Paris;BANANAS;SEASHELLS;4869.0;1
146500;Penelope;Caesar;BANANAS;SEASHELLS;4875.0;2
146600;Camilla;Paris;PEARLS;SEASHELLS;9998.0;1
146700;Charlie;Paris;DIVING_GEAR;SEASHELLS;98993.0;3
146800;Charlie;Gina;PEARLS;SEASHELLS;9998.0;6
146900;Camilla;Gary;BERRIES;SEASHELLS;3896.0;16
147300;Charlie;Paris;PEARLS;SEASHELLS;9998.0;1
147300;Charlie;Gary;BANANAS;SEASHELLS;4869.0;14
147300;Caesar;Gary;BANANAS;SEASHELLS;4869.0;2
147400;Paris;Camilla;BERRIES;SEASHELLS;3905.0;4
147500;Charlie;Peter;COCONUTS;SEASHELLS;7927.0;8
147500;Camilla;Gary;PEARLS;SEASHELLS;9998.0;9
147800;Paris;Charlie;BANANAS;SEASHELLS;4872.0;1
148000;Paris;Charlie;DIVING_GEAR;SEASHELLS;98983.0;2
148000;Paris;Charlie;BANANAS;SEASHELLS;4872.0;1
148300;Paris;Camilla;DIVING_GEAR;SEASHELLS;98993.0;1
148300;Camilla;Pablo;BANANAS;SEASHELLS;4868.0;2
148300;Paris;Pablo;BANANAS;SEASHELLS;4868.0;1
148400;Paris;Charlie;PEARLS;SEASHELLS;10002.0;1
148400;Charlie;Paris;DIVING_GEAR;SEASHELLS;98982.0;1
148600;Charlie;Paris;PEARLS;SEASHELLS;9998.0;1
148600;Charlie;Pablo;PEARLS;SEASHELLS;9998.0;4
148800;Camilla;Camilla;DIVING_GEAR;SEASHELLS;98980.0;2
148900;Paris;Camilla;BANANAS;SEASHELLS;4873.0;2
148900;Paris;Camilla;PEARLS;SEASHELLS;10002.0;2
149000;Charlie;Paris;PEARLS;SEASHELLS;9998.0;1
149300;Caesar;Paris;PEARLS;SEASHELLS;9996.0;2
149300;Charlie;Paris;BANANAS;SEASHELLS;4869.0;2
149500;Charlie;Gina;BANANAS;SEASHELLS;4870.0;13
149600;Charlie;Paris;PEARLS;SEASHELLS;9998.0;1
149700;Charlie;Peter;PINA_COLADAS;SEASHELLS;14890.0;4
149700;Gary;Charlie;PEARLS;SEASHELLS;10005.0;12
150300;Camilla;Camilla;DIVING_GEAR;SEASHELLS;98991.0;1
150500;Caesar;Penelope;PEARLS;SEASHELLS;9996.0;2
150500;Camilla;Camilla;DIVING_GEAR;SEASHELLS;98994.0;3
150500;Penelope;Charlie;BANANAS;SEASHELLS;4875.0;7
150500;Charlie;Penelope;PEARLS;SEASHELLS;9996.0;1
150900;Paris;Charlie;PEARLS;SEASHELLS;10002.0;1
151000;Paris;Camilla;BANANAS;SEASHELLS;4874.0;1
151400;Caesar;Paris;BANANAS;SEASHELLS;4870.0;1
151700;Paris;Camilla;BERRIES;SEASHELLS;3905.0;4
152000;Camilla;Paris;DIVING_GEAR;SEASHELLS;98953.0;3
152400;Paris;Charlie;PEARLS;SEASHELLS;10005.0;1
152400;Paris;Charlie;BANANAS;SEASHELLS;4875.0;1
152500;Camilla;Paris;DIVING_GEAR;SEASHELLS;98942.0;3
152600;Camilla;Paris;BANANAS;SEASHELLS;4869.0;2
152600;Camilla;Paris;PEARLS;SEASHELLS;9998.0;2
152600;Charlie;Camilla;DIVING_GEAR;SEASHELLS;98940.0;1
152600;Gary;Charlie;BANANAS;SEASHELLS;4874.0;13
152800;Charlie;Paris;BANANAS;SEASHELLS;4868.0;1
153000;Camilla;Paris;BERRIES;SEASHELLS;3899.0;2
153200;Charlie;Paris;BANANAS;SEASHELLS;4867.0;1
153300;Charlie;Penelope;BANANAS;SEASHELLS;4867.0;10
153300;Caesar;Penelope;BANANAS;SEASHELLS;4867.0;1
153400;Camilla;Paris;BERRIES;SEASHELLS;3899.0;2
153600;Paris;Charlie;PEARLS;SEASHELLS;10002.0;1
153700;Charlie;Paris;BANANAS;SEASHELLS;4868.0;1
153700;Caesar;Paris;PEARLS;SEASHELLS;9996.0;1
154000;Paris;Caesar;BANANAS;SEASHELLS;4874.0;1
154200;Caesar;Peter;COCONUTS;SEASHELLS;7935.0;8
154400;Charlie;Paris;PEARLS;SEASHELLS;9998.0;1
154500;Paris;Camilla;BERRIES;SEASHELLS;3904.0;10
154700;Paris;Charlie;BANANAS;SEASHELLS;4874.0;1
154700;Paris;Charlie;PEARLS;SEASHELLS;10002.0;1
155000;Camilla;Penelope;BANANAS;SEASHELLS;4870.0;8
155100;Paris;Charlie;PEARLS;SEASHELLS;10005.0;2
155100;Paris;Paris;BANANAS;SEASHELLS;4870.0;1
155600;Paris;Charlie;PEARLS;SEASHELLS;10002.0;1
155700;Pablo;Charlie;BANANAS;SEASHELLS;4873.0;5
156200;Charlie;Penelope;BANANAS;SEASHELLS;4869.0;7
156200;Camilla;Penelope;BANANAS;SEASHELLS;4869.0;3
156300;Paris;Charlie;BANANAS;SEASHELLS;4874.0;1
156300;Paris;Charlie;PEARLS;SEASHELLS;10005.0;1
156400;Camilla;Paris;DIVING_GEAR;SEASHELLS;99026.0;3
156500;Charlie;Paris;BANANAS;SEASHELLS;4868.0;1
156700;Paris;Charlie;PEARLS;SEASHELLS;10002.0;1
156800;Penelope;Camilla;BERRIES;SEASHELLS;3904.0;11
157100;Camilla;Penelope;PEARLS;SEASHELLS;9998.0;6
157500;Paris;Gina;PEARLS;SEASHELLS;9998.0;1
157500;Paris;Charlie;BANANAS;SEASHELLS;4873.0;1
157700;Paris;Charlie;BANANAS;SEASHELLS;4871.0;1
158000;Camilla;Paris;BERRIES;SEASHELLS;3897.0;6
158000;Charlie;Pablo;COCONUTS;SEASHELLS;7935.0;20
158000;Charlie;Paris;DIVING_GEAR;SEASHELLS;99015.0;3
158200;Charlie;Caesar;BANANAS;SEASHELLS;4868.0;3
158300;Charlie;Pablo;BANANAS;SEASHELLS;4867.0;4
158400;Charlie;Paris;PEARLS;SEASHELLS;9998.0;1
158400;Camilla;Penelope;BERRIES;SEASHELLS;3896.0;15
158900;Charlie;Penelope;BANANAS;SEASHELLS;4866.0;6
158900;Caesar;Caesar;COCONUTS;SEASHELLS;7941.0;7
158900;Caesar;Caesar;COCONUTS;SEASHELLS;7941.0;48
159000;Camilla;Paris;DIVING_GEAR;SEASHELLS;99011.0;2
159600;Charlie;Paris;BANANAS;SEASHELLS;4866.0;1
159700;Gina;Charlie;BANANAS;SEASHELLS;4870.0;9
159800;Charlie;Gina;BANANAS;SEASHELLS;4865.0;6
159800;Caesar;Gina;BANANAS;SEASHELLS;4865.0;2
159900;Charlie;Penelope;BANANAS;SEASHELLS;4865.0;9
159900;Paris;Charlie;DIVING_GEAR;SEASHELLS;99010.0;2
160100;Paris;Charlie;DIVING_GEAR;SEASHELLS;99004.0;1
160200;Camilla;Paris;PEARLS;SEASHELLS;9998.0;1
160400;Camilla;Penelope;BERRIES;SEASHELLS;3895.0;14
160500;Caesar;Penelope;PEARLS;SEASHELLS;9996.0;1
160500;Paris;Charlie;BANANAS;SEASHELLS;4872.0;1
160500;Charlie;Penelope;PEARLS;SEASHELLS;9996.0;6
160500;Paris;Camilla;BERRIES;SEASHELLS;3903.0;7
161100;Penelope;Camilla;BERRIES;SEASHELLS;3903.0;11
161300;Paris;Caesar;PEARLS;SEASHELLS;10004.0;2
161300;Paris;Caesar;BANANAS;SEASHELLS;4871.0;2
161400;Charlie;Paris;PEARLS;SEASHELLS;9998.0;1
161700;Paris;Camilla;BERRIES;SEASHELLS;3906.0;10
161800;Caesar;Gina;BANANAS;SEASHELLS;4864.0;1
161900;Pablo;Gina;PEARLS;SEASHELLS;10002.0;4
162100;Gary;Paris;BANANAS;SEASHELLS;4865.0;1
162200;Charlie;Paris;BANANAS;SEASHELLS;4865.0;1
162300;Paris;Camilla;DIVING_GEAR;SEASHELLS;98957.0;3
162400;Charlie;Paris;BANANAS;SEASHELLS;4865.0;1
162500;Gary;Caesar;PEARLS;SEASHELLS;10004.0;2
162500;Camilla;Paris;BERRIES;SEASHELLS;3899.0;10
162900;Charlie;Paris;DIVING_GEAR;SEASHELLS;98943.0;3
163000;Charlie;Paris;BANANAS;SEASHELLS;4866.0;1
163000;Caesar;Caesar;PINA_COLADAS;SEASHELLS;14888.0;20
163300;Paris;Gina;PEARLS;SEASHELLS;10002.0;1
163400;Caesar;Caesar;COCONUTS;SEASHELLS;7943.0;52
163500;Penelope;Charlie;PEARLS;SEASHELLS;10004.0;6
163500;Penelope;Caesar;PEARLS;SEASHELLS;10004.0;1
163600;Paris;Charlie;BANANAS;SEASHELLS;4871.0;1
163600;Charlie;Paris;DIVING_GEAR;SEASHELLS;98962.0;1
163800;Camilla;Camilla;DIVING_GEAR;SEASHELLS;98948.0;2
163800;Camilla;Paris;DIVING_GEAR;SEASHELLS;98948.0;1
163800;Charlie;Gina;BANANAS;SEASHELLS;4867.0;10
163900;Paris;Charlie;BANANAS;SEASHELLS;4871.0;1
164400;Caesar;Pablo;PINA_COLADAS;SEASHELLS;14897.0;15
164400;Charlie;Paris;BANANAS;SEASHELLS;4867.0;1
164500;Gary;Charlie;BANANAS;SEASHELLS;4873.0;16
164700;Gina;Charlie;PEARLS;SEASHELLS;10002.0;6
164700;Gina;Camilla;PEARLS;SEASHELLS;10002.0;6
164900;Caesar;Caesar;COCONUTS;SEASHELLS;7939.0;49
165000;Camilla;Paris;BERRIES;SEASHELLS;3899.0;7
165000;Charlie;Penelope;PEARLS;SEASHELLS;9996.0;5
165000;Caesar;Penelope;PEARLS;SEASHELLS;9996.0;1
165100;Camilla;Paris;DIVING_GEAR;SEASHELLS;98949.0;1
165200;Gina;Charlie;BANANAS;SEASHELLS;4873.0;10
165200;Camilla;Paris;PEARLS;SEASHELLS;9998.0;2
165200;Paris;Paris;BANANAS;SEASHELLS;4873.0;1
165200;Paris;Charlie;BANANAS;SEASHELLS;4873.0;0
165200;Gina;Paris;BANANAS;SEASHELLS;4873.0;1
165600;Pablo;Charlie;PEARLS;SEASHELLS;10002.0;3
165800;Charlie;Paris;DIVING_GEAR;SEASHELLS;98957.0;2
166000;Paris;Charlie;PEARLS;SEASHELLS;10002.0;1
166900;Charlie;Pablo;BANANAS;SEASHELLS;4866.0;2
167100;Camilla;Camilla;DIVING_GEAR;SEASHELLS;98962.0;3
167300;Charlie;Pablo;PEARLS;SEASHELLS;9998.0;3
167500;Caesar;Caesar;PINA_COLADAS;SEASHELLS;14891.0;20
167600;Charlie;Paris;BANANAS;SEASHELLS;4863.0;1
167600;Caesar;Paris;PEARLS;SEASHELLS;9998.0;1
167700;Charlie;Pablo;PEARLS;SEASHELLS;9998.0;1
167800;Pablo;Charlie;BANANAS;SEASHELLS;4866.0;2
167900;Caesar;Caesar;COCONUTS;SEASHELLS;7937.0;47
168100;Penelope;Camilla;BERRIES;SEASHELLS;3900.0;15
168100;Paris;Charlie;DIVING_GEAR;SEASHELLS;98928.0;2
168600;Camilla;Camilla;DIVING_GEAR;SEASHELLS;98918.0;1
168700;Camilla;Paris;BANANAS;SEASHELLS;4862.0;1
169000;Penelope;Camilla;BERRIES;SEASHELLS;3902.0;12
169100;Charlie;Pablo;PEARLS;SEASHELLS;9998.0;4
169500;Paris;Camilla;PEARLS;SEASHELLS;10002.0;1
169600;Camilla;Paris;BANANAS;SEASHELLS;4862.0;1
169700;Caesar;Paris;PEARLS;SEASHELLS;9996.0;1
169700;Charlie;Paris;BANANAS;SEASHELLS;4861.0;1
169800;Camilla;Gary;BERRIES;SEASHELLS;3895.0;10
169900;Paris;Charlie;PEARLS;SEASHELLS;10002.0;1
170100;Caesar;Paris;PEARLS;SEASHELLS;9998.0;1
170400;Charlie;Gary;BANANAS;SEASHELLS;4862.0;13
170700;Charlie;Paris;DIVING_GEAR;SEASHELLS;98885.0;3
170800;Gary;Caesar;PEARLS;SEASHELLS;10004.0;1
171000;Charlie;Pablo;BANANAS;SEASHELLS;4862.0;1
171000;Pablo;Charlie;PEARLS;SEASHELLS;10002.0;1
171100;Charlie;Peter;COCONUTS;SEASHELLS;7944.0;9
171200;Paris;Caesar;PEARLS;SEASHELLS;10004.0;1
171200;Paris;Charlie;BANANAS;SEASHELLS;4868.0;1
171400;Charlie;Pablo;BANANAS;SEASHELLS;4862.0;4
171800;Paris;Charlie;BANANAS;SEASHELLS;4866.0;1
171900;Charlie;Paris;PEARLS;SEASHELLS;9998.0;1
172300;Pablo;Charlie;PEARLS;SEASHELLS;10002.0;3
172300;Pablo;Paris;PEARLS;SEASHELLS;10002.0;1
172400;Charlie;Peter;PINA_COLADAS;SEASHELLS;14911.0;5
172400;Caesar;Paris;BANANAS;SEASHELLS;4861.0;1
172400;Camilla;Camilla;DIVING_GEAR;SEASHELLS;98872.0;3
172700;Charlie;Pablo;BANANAS;SEASHELLS;4862.0;3
172700;Paris;Pablo;BANANAS;SEASHELLS;4862.0;1
173000;Charlie;Pablo;PEARLS;SEASHELLS;9998.0;3
173300;Caesar;Paris;BANANAS;SEASHELLS;4862.0;1
173900;Charlie;Penelope;PEARLS;SEASHELLS;9995.0;4
174000;Caesar;Caesar;COCONUTS;SEASHELLS;7944.0;58
174100;Charlie;Penelope;PEARLS;SEASHELLS;9995.0;4
174200;Camilla;Paris;PEARLS;SEASHELLS;9998.0;1
174400;Paris;Camilla;DIVING_GEAR;SEASHELLS;98921.0;3
174700;Caesar;Peter;PINA_COLADAS;SEASHELLS;14915.0;5
175000;Caesar;Caesar;COCONUTS;SEASHELLS;7942.0;40
175100;Paris;Camilla;BANANAS;SEASHELLS;4865.0;1
175100;Caesar;Penelope;PEARLS;SEASHELLS;9996.0;2
175500;Charlie;Paris;BANANAS;SEASHELLS;4859.0;2
175500;Charlie;Paris;PEARLS;SEASHELLS;9995.0;2
175500;Charlie;Paris;BANANAS;SEASHELLS;4860.0;1
175600;Charlie;Paris;BANANAS;SEASHELLS;4859.0;1
175700;Paris;Charlie;PEARLS;SEASHELLS;10002.0;1
175700;Peter;Charlie;COCONUTS;SEASHELLS;7943.0;8
176100;Paris;Charlie;PEARLS;SEASHELLS;10002.0;1
176200;Paris;Camilla;BANANAS;SEASHELLS;4865.0;1
176300;Peter;Charlie;PINA_COLADAS;SEASHELLS;14905.0;3
176400;Charlie;Pablo;PEARLS;SEASHELLS;9998.0;5
176400;Charlie;Gary;BANANAS;SEASHELLS;4860.0;12
176900;Gary;Charlie;PEARLS;SEASHELLS;10005.0;8
177200;Paris;Camilla;BANANAS;SEASHELLS;4865.0;1
177300;Charlie;Peter;PINA_COLADAS;SEASHELLS;14905.0;2
177600;Paris;Charlie;BANANAS;SEASHELLS;4865.0;2
177600;Paris;Caesar;PEARLS;SEASHELLS;10004.0;1
177600;Caesar;Paris;BANANAS;SEASHELLS;4859.0;1
177600;Paris;Charlie;PEARLS;SEASHELLS;10004.0;1
177700;Camilla;Paris;BANANAS;SEASHELLS;4859.0;1
178200;Camilla;Penelope;BERRIES;SEASHELLS;3904.0;13
178400;Charlie;Peter;COCONUTS;SEASHELLS;7941.0;10
178500;Charlie;Paris;BANANAS;SEASHELLS;4860.0;1
178600;Paris;Camilla;BANANAS;SEASHELLS;4866.0;1
179000;Charlie;Gina;BANANAS;SEASHELLS;4861.0;11
179100;Caesar;Pablo;PINA_COLADAS;SEASHELLS;14912.0;7
179400;Paris;Camilla;DIVING_GEAR;SEASHELLS;98856.0;1
179400;Pablo;Charlie;BANANAS;SEASHELLS;4866.0;1
179800;Caesar;Peter;COCONUTS;SEASHELLS;7942.0;5
179900;Camilla;Camilla;DIVING_GEAR;SEASHELLS;98861.0;1
180000;Pablo;Charlie;PEARLS;SEASHELLS;10002.0;5
180000;Paris;Charlie;BANANAS;SEASHELLS;4866.0;1
180200;Charlie;Paris;BANANAS;SEASHELLS;4861.0;1
180600;Gary;Caesar;PEARLS;SEASHELLS;10000.0;3
180700;Paris;Camilla;DIVING_GEAR;SEASHELLS;98845.0;2
180700;Camilla;Paris;BERRIES;SEASHELLS;3904.0;1
180700;Caesar;Penelope;PEARLS;SEASHELLS;9996.0;1
180900;Camilla;Paris;PEARLS;SEASHELLS;9998.0;1
181000;Pablo;Caesar;COCONUTS;SEASHELLS;7945.0;17
181200;Caesar;Penelope;PEARLS;SEASHELLS;9996.0;2
181200;Charlie;Penelope;PEARLS;SEASHELLS;9996.0;4
181400;Camilla;Paris;BERRIES;SEASHELLS;3907.0;5
181600;Charlie;Paris;PEARLS;SEASHELLS;9995.0;2
181600;Charlie;Paris;BANANAS;SEASHELLS;4862.0;2
182100;Camilla;Penelope;BERRIES;SEASHELLS;3907.0;11
182100;Pablo;Charlie;PEARLS;SEASHELLS;10002.0;5
182100;Charlie;Paris;BANANAS;SEASHELLS;4861.0;1
182100;Penelope;Caesar;PEARLS;SEASHELLS;10004.0;2
182100;Penelope;Charlie;PEARLS;SEASHELLS;10004.0;3
182200;Camilla;Paris;BERRIES;SEASHELLS;3907.0;10
182300;Penelope;Charlie;PEARLS;SEASHELLS;10005.0;7
182300;Gary;Charlie;PEARLS;SEASHELLS;10005.0;8
182500;Pablo;Charlie;PEARLS;SEASHELLS;10002.0;3
182600;Penelope;Camilla;BANANAS;SEASHELLS;4866.0;4
182800;Charlie;Gina;BANANAS;SEASHELLS;4862.0;9
182800;Paris;Gina;BANANAS;SEASHELLS;4866.0;1
183000;Paris;Caesar;PEARLS;SEASHELLS;10004.0;1
183000;Paris;Charlie;BANANAS;SEASHELLS;4867.0;1
183200;Charlie;Paris;PEARLS;SEASHELLS;9998.0;1
183600;Camilla;Paris;BANANAS;SEASHELLS;4861.0;1
183700;Charlie;Peter;COCONUTS;SEASHELLS;7944.0;8
183800;Camilla;Paris;BANANAS;SEASHELLS;4861.0;1
183800;Pablo;Charlie;PEARLS;SEASHELLS;10002.0;2
183800;Paris;Charlie;PEARLS;SEASHELLS;10002.0;1
184000;Paris;Camilla;DIVING_GEAR;SEASHELLS;98863.0;2
184200;Charlie;Pablo;PEARLS;SEASHELLS;9998.0;1
184300;Paris;Charlie;BANANAS;SEASHELLS;4865.0;1
184800;Paris;Camilla;BERRIES;SEASHELLS;3912.0;4
185000;Camilla;Paris;BERRIES;SEASHELLS;3906.0;4
185100;Paris;Charlie;BANANAS;SEASHELLS;4865.0;1
185100;Penelope;Caesar;PEARLS;SEASHELLS;10004.0;1
185100;Penelope;Charlie;PEARLS;SEASHELLS;10004.0;5
185100;Paris;Camilla;BERRIES;SEASHELLS;3913.0;7
185200;Charlie;Paris;BANANAS;SEASHELLS;4861.0;1
185300;Paris;Camilla;BANANAS;SEASHELLS;4865.0;1
185300;Caesar;Paris;BANANAS;SEASHELLS;4863.0;2
185300;Charlie;Paris;PEARLS;SEASHELLS;9996.0;1
185300;Caesar;Paris;PEARLS;SEASHELLS;9996.0;1
185800;Camilla;Paris;DIVING_GEAR;SEASHELLS;98865.0;1
186000;Paris;Pablo;PEARLS;SEASHELLS;9998.0;1
186000;Charlie;Pablo;BANANAS;SEASHELLS;4860.0;3
186000;Charlie;Pablo;PEARLS;SEASHELLS;9998.0;3
186300;Paris;Charlie;BANANAS;SEASHELLS;4864.0;1
186300;Charlie;Paris;DIVING_GEAR;SEASHELLS;98845.0;1
186500;Paris;Camilla;PEARLS;SEASHELLS;10002.0;1
186600;Camilla;Penelope;PEARLS;SEASHELLS;9998.0;5
186600;Gary;Camilla;BERRIES;SEASHELLS;3912.0;16
186600;Camilla;Charlie;DIVING_GEAR;SEASHELLS;98834.0;1
186800;Penelope;Camilla;BERRIES;SEASHELLS;3912.0;11
186900;Paris;Charlie;DIVING_GEAR;SEASHELLS;98839.0;3
187000;Pablo;Camilla;PEARLS;SEASHELLS;10002.0;1
187000;Charlie;Paris;BANANAS;SEASHELLS;4860.0;1
187000;Pablo;Charlie;PEARLS;SEASHELLS;10002.0;2
187100;Gary;Camilla;BANANAS;SEASHELLS;4864.0;10
187100;Gary;Charlie;BANANAS;SEASHELLS;4864.0;3
187400;Gary;Camilla;BANANAS;SEASHELLS;4864.0;1
187500;Paris;Charlie;BANANAS;SEASHELLS;4864.0;1
187600;Paris;Charlie;PEARLS;SEASHELLS;10002.0;1
187800;Camilla;Pablo;PEARLS;SEASHELLS;9998.0;5
188100;Paris;Charlie;PEARLS;SEASHELLS;10002.0;1
188300;Charlie;Paris;BANANAS;SEASHELLS;4860.0;1
188300;Caesar;Paris;PEARLS;SEASHELLS;9996.0;1
188400;Pablo;Charlie;PEARLS;SEASHELLS;10002.0;2
188400;Penelope;Camilla;BERRIES;SEASHELLS;3912.0;11
188500;Paris;Charlie;BANANAS;SEASHELLS;4865.0;1
188700;Gary;Caesar;PEARLS;SEASHELLS;10004.0;1
188700;Gary;Charlie;PEARLS;SEASHELLS;10004.0;9
188900;Gary;Caesar;PEARLS;SEASHELLS;10004.0;2
188900;Gary;Penelope;PEARLS;SEASHELLS;10004.0;6
188900;Gary;Charlie;PEARLS;SEASHELLS;10004.0;2
189200;Camilla;Charlie;DIVING_GEAR;SEASHELLS;98832.0;2
189200;Charlie;Penelope;BANANAS;SEASHELLS;4859.0;2
189200;Caesar;Penelope;BANANAS;SEASHELLS;4859.0;2
189400;Camilla;Paris;DIVING_GEAR;SEASHELLS;98809.0;1
189700;Camilla;Paris;BANANAS;SEASHELLS;4859.0;1
189800;Paris;Camilla;BANANAS;SEASHELLS;4864.0;1
189900;Caesar;Caesar;COCONUTS;SEASHELLS;7937.0;54
190000;Gary;Camilla;BERRIES;SEASHELLS;3910.0;12
190300;Charlie;Pablo;BANANAS;SEASHELLS;4860.0;2
190300;Charlie;Camilla;DIVING_GEAR;SEASHELLS;98813.0;1
190300;Gary;Charlie;PEARLS;SEASHELLS;10004.0;9
190300;Gary;Caesar;PEARLS;SEASHELLS;10004.0;1
190500;Peter;Caesar;PINA_COLADAS;SEASHELLS;14907.0;4
190600;Paris;Charlie;BANANAS;SEASHELLS;4864.0;1
190600;Charlie;Penelope;PEARLS;SEASHELLS;9996.0;7
190600;Caesar;Penelope;PEARLS;SEASHELLS;9996.0;1
190600;Camilla;Penelope;BERRIES;SEASHELLS;3903.0;11
190800;Paris;Camilla;BERRIES;SEASHELLS;3911.0;5
190800;Paris;Charlie;BANANAS;SEASHELLS;4865.0;1
191100;Penelope;Charlie;BANANAS;SEASHELLS;4866.0;4
191200;Penelope;Charlie;BANANAS;SEASHELLS;4866.0;6
191300;Pablo;Paris;BANANAS;SEASHELLS;4863.0;1
191300;Pablo;Charlie;BANANAS;SEASHELLS;4863.0;2
191400;Penelope;Camilla;BANANAS;SEASHELLS;4864.0;2
191400;Paris;Camilla;BANANAS;SEASHELLS;4864.0;1
191400;Penelope;Charlie;BANANAS;SEASHELLS;4864.0;6
191500;Penelope;Caesar;PEARLS;SEASHELLS;10004.0;1
191500;Charlie;Camilla;DIVING_GEAR;SEASHELLS;98822.0;1
191500;Paris;Charlie;DIVING_GEAR;SEASHELLS;98825.0;3
191700;Caesar;Peter;PINA_COLADAS;SEASHELLS;14905.0;3
191800;Charlie;Paris;PEARLS;SEASHELLS;9995.0;2
191800;Charlie;Paris;BANANAS;SEASHELLS;4859.0;2
192000;Charlie;Paris;PEARLS;SEASHELLS;9998.0;1
192000;Paris;Charlie;DIVING_GEAR;SEASHELLS;98816.0;2
192000;Paris;Charlie;BANANAS;SEASHELLS;4866.0;1
192100;Paris;Charlie;BANANAS;SEASHELLS;4866.0;1
192200;Paris;Camilla;PEARLS;SEASHELLS;10002.0;1
192400;Penelope;Caesar;BANANAS;SEASHELLS;4867.0;2
192400;Charlie;Paris;BANANAS;SEASHELLS;4861.0;1
192600;Pablo;Charlie;BANANAS;SEASHELLS;4865.0;1
192600;Pablo;Paris;BANANAS;SEASHELLS;4865.0;1
192600;Charlie;Paris;PEARLS;SEASHELLS;9998.0;1
192700;Gina;Caesar;PEARLS;SEASHELLS;10002.0;4
192800;Camilla;Paris;DIVING_GEAR;SEASHELLS;98784.0;2
192900;Paris;Charlie;BANANAS;SEASHELLS;4867.0;1
193000;Gary;Charlie;BANANAS;SEASHELLS;4868.0;15
193300;Charlie;Paris;PEARLS;SEASHELLS;9998.0;1
194100;Charlie;Paris;BANANAS;SEASHELLS;4860.0;1
194400;Paris;Charlie;PEARLS;SEASHELLS;10002.0;1
194600;Paris;Camilla;BANANAS;SEASHELLS;4865.0;1
194700;Camilla;Camilla;DIVING_GEAR;SEASHELLS;98779.0;1
195100;Paris;Camilla;BANANAS;SEASHELLS;4867.0;1
195400;Paris;Camilla;BANANAS;SEASHELLS;4867.0;1
195400;Camilla;Paris;BERRIES;SEASHELLS;3898.0;2
195400;Paris;Camilla;DIVING_GEAR;SEASHELLS;98792.0;1
195600;Paris;Charlie;PEARLS;SEASHELLS;10002.0;1
195700;Paris;Camilla;PEARLS;SEASHELLS;10002.0;1
195700;Paris;Camilla;BANANAS;SEASHELLS;4867.0;1
196000;Charlie;Penelope;BANANAS;SEASHELLS;4863.0;7
196500;Camilla;Paris;DIVING_GEAR;SEASHELLS;98831.0;2
196500;Charlie;Pablo;COCONUTS;SEASHELLS;7948.0;10
196600;Caesar;Caesar;COCONUTS;SEASHELLS;7949.0;54
196700;Camilla;Camilla;DIVING_GEAR;SEASHELLS;98850.0;3
196800;Charlie;Paris;PEARLS;SEASHELLS;9995.0;1
196800;Charlie;Paris;BANANAS;SEASHELLS;4860.0;1
197300;Pablo;Charlie;BANANAS;SEASHELLS;4865.0;3
197700;Paris;Camilla;BANANAS;SEASHELLS;4866.0;1
197900;Camilla;Paris;DIVING_GEAR;SEASHELLS;98835.0;2
198100;Charlie;Penelope;PEARLS;SEASHELLS;9995.0;6
198100;Gary;Charlie;BANANAS;SEASHELLS;4868.0;16
198300;Paris;Caesar;BANANAS;SEASHELLS;4866.0;1
198400;Charlie;Paris;BANANAS;SEASHELLS;4861.0;1
198700;Charlie;Paris;BANANAS;SEASHELLS;4860.0;1
198800;Charlie;Penelope;BANANAS;SEASHELLS;4859.0;10
198800;Paris;Caesar;PEARLS;SEASHELLS;10004.0;2
198800;Paris;Charlie;BANANAS;SEASHELLS;4866.0;2
198900;Caesar;Caesar;PINA_COLADAS;SEASHELLS;14917.0;22
199100;Paris;Charlie;BANANAS;SEASHELLS;4865.0;1
199200;Charlie;Paris;BANANAS;SEASHELLS;4860.0;1
199200;Paris;Charlie;PEARLS;SEASHELLS;10002.0;1
199200;Gary;Camilla;BERRIES;SEASHELLS;3909.0;15
199300;Paris;Paris;PEARLS;SEASHELLS;9998.0;1
199300;Paris;Charlie;BANANAS;SEASHELLS;4866.0;1
199400;Camilla;Paris;BANANAS;SEASHELLS;4860.0;1
199500;Paris;Gary;BERRIES;SEASHELLS;3903.0;6
199500;Camilla;Gary;BERRIES;SEASHELLS;3903.0;17
199600;Paris;Caesar;BANANAS;SEASHELLS;4867.0;2
199600;Paris;Caesar;PEARLS;SEASHELLS;10004.0;2
199700;Gina;Charlie;BANANAS;SEASHELLS;4866.0;9
199800;Paris;Camilla;BERRIES;SEASHELLS;3910.0;9
200000;Caesar;Penelope;PEARLS;SEASHELLS;9996.0;2
200100;Paris;Penelope;BANANAS;SEASHELLS;4867.0;1
200700;Charlie;Paris;PEARLS;SEASHELLS;9998.0;1
200700;Gina;Charlie;BANANAS;SEASHELLS;4865.0;9
200900;Charlie;Penelope;PEARLS;SEASHELLS;9996.0;5
200900;Paris;Camilla;BERRIES;SEASHELLS;3910.0;10
200900;Caesar;Penelope;PEARLS;SEASHELLS;9996.0;1
201000;Camilla;Camilla;DIVING_GEAR;SEASHELLS;98880.0;1
201100;Charlie;Paris;PEARLS;SEASHELLS;9998.0;1
201500;Paris;Camilla;PEARLS;SEASHELLS;10002.0;1
201600;Camilla;Pablo;PEARLS;SEASHELLS;9998.0;1
201800;Paris;Charlie;PEARLS;SEASHELLS;10002.0;1
201800;Penelope;Camilla;BERRIES;SEASHELLS;3912.0;12
202000;Penelope;Charlie;BANANAS;SEASHELLS;4863.0;5
202000;Penelope;Camilla;BANANAS;SEASHELLS;4863.0;4
202100;Caesar;Pablo;PINA_COLADAS;SEASHELLS;14923.0;6
202100;Charlie;Paris;PEARLS;SEASHELLS;9998.0;1
202100;Camilla;Paris;DIVING_GEAR;SEASHELLS;98825.0;2
202200;Paris;Camilla;PEARLS;SEASHELLS;10002.0;2
202200;Paris;Camilla;BANANAS;SEASHELLS;4862.0;2
202300;Gary;Camilla;BERRIES;SEASHELLS;3912.0;12
202400;Camilla;Gary;BERRIES;SEASHELLS;3905.0;10
202700;Charlie;Gary;BANANAS;SEASHELLS;4858.0;14
202800;Charlie;Paris;BANANAS;SEASHELLS;4858.0;1
202800;Paris;Paris;PEARLS;SEASHELLS;10002.0;1
203500;Caesar;Paris;PEARLS;SEASHELLS;9996.0;1
203500;Charlie;Paris;BANANAS;SEASHELLS;4859.0;2
203700;Charlie;Penelope;BANANAS;SEASHELLS;4858.0;3
204000;Gary;Caesar;PEARLS;SEASHELLS;10004.0;1
204100;Paris;Charlie;BANANAS;SEASHELLS;4862.0;1
204200;Paris;Charlie;DIVING_GEAR;SEASHELLS;98882.0;1
204600;Charlie;Paris;BANANAS;SEASHELLS;4857.0;1
204600;Caesar;Paris;PEARLS;SEASHELLS;9996.0;1
205000;Caesar;Caesar;PINA_COLADAS;SEASHELLS;14944.0;23
205000;Camilla;Penelope;BERRIES;SEASHELLS;3901.0;13
205400;Pablo;Charlie;BANANAS;SEASHELLS;4863.0;1
205500;Caesar;Paris;PEARLS;SEASHELLS;9996.0;1
205500;Paris;Penelope;BANANAS;SEASHELLS;4864.0;1
205500;Caesar;Paris;BANANAS;SEASHELLS;4859.0;1
205700;Gina;Paris;BANANAS;SEASHELLS;4860.0;1
206000;Paris;Charlie;DIVING_GEAR;SEASHELLS;98888.0;1
206100;Camilla;Paris;BANANAS;SEASHELLS;4860.0;1
206200;Charlie;Pablo;PEARLS;SEASHELLS;9998.0;1
206300;Paris;Charlie;BANANAS;SEASHELLS;4866.0;1
206300;Paris;Caesar;PEARLS;SEASHELLS;10004.0;1
206400;Charlie;Paris;DIVING_GEAR;SEASHELLS;98902.0;1
206500;Charlie;Paris;PEARLS;SEASHELLS;9995.0;1
206500;Charlie;Gary;PEARLS;SEASHELLS;9996.0;11
206500;Caesar;Gary;PEARLS;SEASHELLS;9996.0;1
206500;Charlie;Paris;BANANAS;SEASHELLS;4861.0;1
207500;Paris;Camilla;PEARLS;SEASHELLS;10002.0;1
207600;Paris;Charlie;BANANAS;SEASHELLS;4864.0;1
207800;Charlie;Paris;BANANAS;SEASHELLS;4858.0;1
207900;Charlie;Paris;PEARLS;SEASHELLS;9998.0;1
207900;Charlie;Paris;BANANAS;SEASHELLS;4859.0;1
208100;Camilla;Penelope;PEARLS;SEASHELLS;9998.0;6
208100;Paris;Charlie;BERRIES;SEASHELLS;3905.0;4
208300;Gary;Charlie;PEARLS;SEASHELLS;10005.0;9
208400;Caesar;Paris;PEARLS;SEASHELLS;9996.0;1
208400;Paris;Paris;BANANAS;SEASHELLS;4864.0;1
208800;Camilla;Paris;DIVING_GEAR;SEASHELLS;98904.0;1
209100;Caesar;Caesar;PINA_COLADAS;SEASHELLS;14952.0;32
209200;Camilla;Paris;BANANAS;SEASHELLS;4860.0;2
209200;Camilla;Paris;PEARLS;SEASHELLS;9998.0;2
209400;Charlie;Gary;BANANAS;SEASHELLS;4859.0;17
209800;Gary;Charlie;BANANAS;SEASHELLS;4865.0;11
209800;Charlie;Paris;PEARLS;SEASHELLS;9998.0;1
209800;Gary;Camilla;BANANAS;SEASHELLS;4865.0;4
210100;Charlie;Paris;PEARLS;SEASHELLS;9998.0;1
210300;Caesar;Caesar;COCONUTS;SEASHELLS;7952.0;7
210300;Caesar;Caesar;COCONUTS;SEASHELLS;7952.0;63
210300;Charlie;Gina;BANANAS;SEASHELLS;4860.0;10
210300;Caesar;Gina;BANANAS;SEASHELLS;4860.0;1
210500;Paris;Charlie;PEARLS;SEASHELLS;10002.0;1
210600;Paris;Camilla;BERRIES;SEASHELLS;3904.0;2
210700;Camilla;Paris;DIVING_GEAR;SEASHELLS;98900.0;3
210800;Charlie;Paris;BANANAS;SEASHELLS;4860.0;1
210800;Charlie;Pablo;PEARLS;SEASHELLS;9998.0;2
211000;Charlie;Paris;PEARLS;SEASHELLS;9998.0;1
211100;Paris;Camilla;DIVING_GEAR;SEASHELLS;98917.0;2
211200;Charlie;Peter;COCONUTS;SEASHELLS;7949.0;8
211400;Caesar;Penelope;BANANAS;SEASHELLS;4859.0;2
211900;Paris;Camilla;DIVING_GEAR;SEASHELLS;98915.0;2
212000;Camilla;Charlie;DIVING_GEAR;SEASHELLS;98911.0;1
212000;Gary;Charlie;BANANAS;SEASHELLS;4866.0;16
212100;Paris;Charlie;BANANAS;SEASHELLS;4866.0;1
212100;Paris;Caesar;PEARLS;SEASHELLS;10004.0;1
212300;Charlie;Pablo;BANANAS;SEASHELLS;4861.0;3
212800;Paris;Charlie;PEARLS;SEASHELLS;10002.0;1
213000;Charlie;Penelope;BANANAS;SEASHELLS;4859.0;3
213200;Caesar;Caesar;COCONUTS;SEASHELLS;7951.0;70
213400;Charlie;Pablo;PINA_COLADAS;SEASHELLS;14960.0;5
213400;Charlie;Paris;PEARLS;SEASHELLS;9995.0;1
213400;Charlie;Paris;BANANAS;SEASHELLS;4859.0;1
213600;Charlie;Gary;PEARLS;SEASHELLS;9996.0;10
213600;Caesar;Gary;PEARLS;SEASHELLS;9996.0;2
213700;Caesar;Paris;PEARLS;SEASHELLS;9996.0;1
213700;Caesar;Paris;BANANAS;SEASHELLS;4860.0;1
213800;Charlie;Paris;PEARLS;SEASHELLS;9998.0;1
213900;Charlie;Paris;BANANAS;SEASHELLS;4860.0;1
214000;Paris;Charlie;BANANAS;SEASHELLS;4865.0;1
214400;Camilla;Paris;PEARLS;SEASHELLS;9998.0;1
214600;Paris;Camilla;DIVING_GEAR;SEASHELLS;98939.0;1
214700;Peter;Charlie;COCONUTS;SEASHELLS;7950.0;10
214700;Charlie;Paris;PEARLS;SEASHELLS;9998.0;1
215000;Charlie;Paris;PEARLS;SEASHELLS;9998.0;1
215100;Paris;Caesar;PEARLS;SEASHELLS;10002.0;1
215500;Caesar;Paris;PEARLS;SEASHELLS;9996.0;1
215500;Charlie;Paris;BANANAS;SEASHELLS;4860.0;2
215500;Charlie;Paris;BANANAS;SEASHELLS;4860.0;1
215500;Charlie;Paris;PEARLS;SEASHELLS;9998.0;1
215500;Charlie;Paris;PEARLS;SEASHELLS;9996.0;1
215600;Paris;Camilla;BERRIES;SEASHELLS;3905.0;2
215600;Paris;Charlie;PEARLS;SEASHELLS;10002.0;1
215700;Charlie;Penelope;BANANAS;SEASHELLS;4859.0;8
215800;Charlie;Gary;BANANAS;SEASHELLS;4859.0;18
215900;Charlie;Paris;DIVING_GEAR;SEASHELLS;98948.0;3
216200;Charlie;Paris;BANANAS;SEASHELLS;4860.0;1
216300;Charlie;Gary;BANANAS;SEASHELLS;4860.0;20
216500;Paris;Charlie;BANANAS;SEASHELLS;4865.0;1
216500;Paris;Charlie;DIVING_GEAR;SEASHELLS;98938.0;1
216800;Caesar;Caesar;PINA_COLADAS;SEASHELLS;14963.0;5
216800;Caesar;Caesar;PINA_COLADAS;SEASHELLS;14963.0;28
216900;Caesar;Penelope;BANANAS;SEASHELLS;4860.0;2
217100;Paris;Charlie;BANANAS;SEASHELLS;4865.0;1
217100;Camilla;Camilla;DIVING_GEAR;SEASHELLS;98902.0;3
217200;Charlie;Paris;PEARLS;SEASHELLS;9998.0;1
217400;Paris;Camilla;PEARLS;SEASHELLS;10002.0;1
217400;Charlie;Paris;BANANAS;SEASHELLS;4861.0;1
217500;Camilla;Penelope;BANANAS;SEASHELLS;4861.0;3
217500;Paris;Charlie;DIVING_GEAR;SEASHELLS;98873.0;2
217600;Penelope;Camilla;BERRIES;SEASHELLS;3909.0;10
217700;Charlie;Paris;BANANAS;SEASHELLS;4861.0;1
218100;Caesar;Paris;PEARLS;SEASHELLS;9996.0;1
218100;Charlie;Paris;BANANAS;SEASHELLS;4861.0;1
218300;Peter;Caesar;COCONUTS;SEASHELLS;7948.0;7
218300;Gary;Caesar;PEARLS;SEASHELLS;10004.0;1
218300;Camilla;Camilla;DIVING_GEAR;SEASHELLS;98888.0;2
218400;Paris;Charlie;PEARLS;SEASHELLS;10002.0;1
218400;Paris;Charlie;BANANAS;SEASHELLS;4866.0;1
218400;Camilla;Paris;DIVING_GEAR;SEASHELLS;98883.0;2
218800;Charlie;Penelope;BANANAS;SEASHELLS;4864.0;8
218800;Charlie;Paris;BANANAS;SEASHELLS;4865.0;1
218900;Camilla;Camilla;DIVING_GEAR;SEASHELLS;98870.0;1
219000;Caesar;Paris;PEARLS;SEASHELLS;9996.0;1
219000;Charlie;Paris;BANANAS;SEASHELLS;4864.0;1
219300;Camilla;Pablo;PEARLS;SEASHELLS;9998.0;2
220100;Charlie;Gary;BERRIES;SEASHELLS;3894.0;26
220500;Paris;Charlie;PEARLS;SEASHELLS;10002.0;1
220600;Charlie;Paris;BANANAS;SEASHELLS;4864.0;1
220700;Charlie;Pablo;BANANAS;SEASHELLS;4866.0;4
220900;Paris;Camilla;DIVING_GEAR;SEASHELLS;98910.0;3
221000;Paris;Charlie;BANANAS;SEASHELLS;4871.0;2
221000;Paris;Charlie;PEARLS;SEASHELLS;10005.0;2
221200;Caesar;Penelope;PEARLS;SEASHELLS;9996.0;2
221300;Penelope;Caesar;PEARLS;SEASHELLS;10004.0;2
221400;Charlie;Penelope;PEARLS;SEASHELLS;9995.0;6
221800;Penelope;Caesar;PEARLS;SEASHELLS;10004.0;1
221800;Charlie;Penelope;BANANAS;SEASHELLS;4864.0;9
221900;Camilla;Pablo;BANANAS;SEASHELLS;4865.0;4
222700;Penelope;Camilla;BERRIES;SEASHELLS;3905.0;11
222900;Camilla;Camilla;DIVING_GEAR;SEASHELLS;98963.0;1
223000;Charlie;Paris;BANANAS;SEASHELLS;4864.0;1
223400;Charlie;Gary;BANANAS;SEASHELLS;4862.0;17
223500;Paris;Charlie;BANANAS;SEASHELLS;4867.0;1
223600;Camilla;Gina;BANANAS;SEASHELLS;4862.0;2
223600;Charlie;Gina;BANANAS;SEASHELLS;4862.0;6
223700;Paris;Charlie;PEARLS;SEASHELLS;10002.0;1
223700;Charlie;Penelope;BANANAS;SEASHELLS;4863.0;10
224300;Caesar;Caesar;COCONUTS;SEASHELLS;7946.0;44
224300;Caesar;Caesar;COCONUTS;SEASHELLS;7946.0;21
224300;Caesar;Penelope;BANANAS;SEASHELLS;4861.0;2
224300;Charlie;Penelope;BANANAS;SEASHELLS;4861.0;4
224400;Paris;Charlie;PEARLS;SEASHELLS;10005.0;1
224400;Paris;Charlie;BANANAS;SEASHELLS;4868.0;1
224500;Charlie;Penelope;BANANAS;SEASHELLS;4861.0;8
225100;Camilla;Paris;BANANAS;SEASHELLS;4862.0;1
225200;Camilla;Paris;BANANAS;SEASHELLS;4862.0;2
225200;Camilla;Paris;PEARLS;SEASHELLS;9998.0;2
225300;Caesar;Penelope;PEARLS;SEASHELLS;9996.0;2
225300;Charlie;Penelope;PEARLS;SEASHELLS;9996.0;5
225300;Camilla;Camilla;DIVING_GEAR;SEASHELLS;98940.0;3
225700;Paris;Camilla;PEARLS;SEASHELLS;10002.0;1
225900;Pablo;Camilla;PEARLS;SEASHELLS;10002.0;2
226000;Charlie;Paris;PEARLS;SEASHELLS;9998.0;1
226200;Charlie;Paris;BANANAS;SEASHELLS;4863.0;1
226800;Pablo;Peter;PINA_COLADAS;SEASHELLS;14959.0;5
226900;Paris;Charlie;PEARLS;SEASHELLS;10002.0;1
226900;Pablo;Charlie;PEARLS;SEASHELLS;10002.0;3
226900;Pablo;Paris;BANANAS;SEASHELLS;4865.0;1
226900;Pablo;Charlie;BANANAS;SEASHELLS;4865.0;4
227000;Paris;Camilla;PEARLS;SEASHELLS;10002.0;1
227200;Charlie;Paris;PEARLS;SEASHELLS;9995.0;1
227200;Charlie;Paris;BANANAS;SEASHELLS;4861.0;1
227300;Charlie;Pablo;COCONUTS;SEASHELLS;7957.0;26
227300;Charlie;Paris;PEARLS;SEASHELLS;9998.0;1
227600;Gary;Charlie;BANANAS;SEASHELLS;4867.0;14
227700;Charlie;Pablo;BANANAS;SEASHELLS;4862.0;1
227800;Pablo;Paris;PEARLS;SEASHELLS;10002.0;1
227900;Charlie;Pablo;PEARLS;SEASHELLS;9998.0;2
228000;Gary;Charlie;BANANAS;SEASHELLS;4867.0;14
228200;Caesar;Pablo;BANANAS;SEASHELLS;4860.0;5
228400;Paris;Paris;BANANAS;SEASHELLS;4864.0;1
228400;Camilla;Paris;PEARLS;SEASHELLS;9998.0;2
229100;Charlie;Caesar;BANANAS;SEASHELLS;4862.0;2
229100;Charlie;Gary;BANANAS;SEASHELLS;4860.0;15
229100;Pablo;Charlie;PEARLS;SEASHELLS;10002.0;4
229400;Camilla;Penelope;BERRIES;SEASHELLS;3897.0;12
229500;Penelope;Charlie;BANANAS;SEASHELLS;4865.0;11
229500;Camilla;Paris;PEARLS;SEASHELLS;9998.0;1
229500;Camilla;Paris;DIVING_GEAR;SEASHELLS;98953.0;2
229800;Gary;Penelope;PEARLS;SEASHELLS;10002.0;3
229800;Paris;Penelope;PEARLS;SEASHELLS;10002.0;1
229800;Gary;Camilla;PEARLS;SEASHELLS;10002.0;7
229800;Paris;Camilla;BANANAS;SEASHELLS;4863.0;1
230000;Charlie;Paris;PEARLS;SEASHELLS;9998.0;1
230000;Pablo;Caesar;PINA_COLADAS;SEASHELLS;14978.0;9
230400;Camilla;Paris;BERRIES;SEASHELLS;3899.0;9
230500;Gary;Peter;BERRIES;SEASHELLS;3902.0;5
230700;Camilla;Paris;PEARLS;SEASHELLS;9998.0;1
230900;Charlie;Paris;BANANAS;SEASHELLS;4859.0;1
230900;Caesar;Paris;PEARLS;SEASHELLS;10000.0;1
231200;Camilla;Paris;DIVING_GEAR;SEASHELLS;98979.0;3
231500;Camilla;Paris;BANANAS;SEASHELLS;4859.0;1
231600;Caesar;Penelope;BANANAS;SEASHELLS;4861.0;6
231900;Charlie;Caesar;BANANAS;SEASHELLS;4862.0;1
232000;Charlie;Paris;BANANAS;SEASHELLS;4860.0;1
232000;Paris;Camilla;DIVING_GEAR;SEASHELLS;98993.0;1
232500;Caesar;Paris;PEARLS;SEASHELLS;9996.0;1
232500;Charlie;Paris;PEARLS;SEASHELLS;9996.0;1
232500;Caesar;Paris;BANANAS;SEASHELLS;4860.0;1
232500;Charlie;Paris;BANANAS;SEASHELLS;4860.0;1
232700;Peter;Charlie;COCONUTS;SEASHELLS;7968.0;7
232800;Paris;Camilla;BERRIES;SEASHELLS;3907.0;10
233000;Charlie;Paris;BANANAS;SEASHELLS;4859.0;1
233100;Caesar;Pablo;PINA_COLADAS;SEASHELLS;14985.0;14
233300;Paris;Charlie;BANANAS;SEASHELLS;4863.0;1
233300;Paris;Charlie;BANANAS;SEASHELLS;4864.0;2
233300;Paris;Paris;PEARLS;SEASHELLS;9998.0;1
233400;Paris;Camilla;DIVING_GEAR;SEASHELLS;98970.0;2
233500;Gina;Paris;PEARLS;SEASHELLS;10002.0;2
233500;Paris;Paris;BANANAS;SEASHELLS;4863.0;1
233600;Charlie;Penelope;BANANAS;SEASHELLS;4859.0;9
233600;Gary;Charlie;PEARLS;SEASHELLS;10004.0;9
233600;Camilla;Penelope;BANANAS;SEASHELLS;4859.0;3
233600;Gary;Caesar;PEARLS;SEASHELLS;10004.0;2
233900;Pablo;Camilla;PEARLS;SEASHELLS;10002.0;5
234000;Pablo;Charlie;PEARLS;SEASHELLS;10002.0;3
234200;Paris;Charlie;DIVING_GEAR;SEASHELLS;98977.0;1
234300;Charlie;Paris;BANANAS;SEASHELLS;4858.0;1
234300;Charlie;Paris;PEARLS;SEASHELLS;9995.0;1
234400;Charlie;Paris;BANANAS;SEASHELLS;4859.0;1
234400;Paris;Camilla;BANANAS;SEASHELLS;4865.0;1
234400;Charlie;Paris;PEARLS;SEASHELLS;9995.0;1
234900;Charlie;Paris;BANANAS;SEASHELLS;4859.0;1
235200;Caesar;Paris;BANANAS;SEASHELLS;4860.0;1
235300;Paris;Charlie;BANANAS;SEASHELLS;4864.0;1
235400;Paris;Camilla;PEARLS;SEASHELLS;10002.0;1
235400;Caesar;Paris;BANANAS;SEASHELLS;4859.0;1
235500;Paris;Camilla;BERRIES;SEASHELLS;3907.0;3
235900;Paris;Charlie;PEARLS;SEASHELLS;10002.0;1
236200;Paris;Caesar;PEARLS;SEASHELLS;10002.0;1
236300;Caesar;Caesar;COCONUTS;SEASHELLS;7969.0;52
236400;Camilla;Paris;DIVING_GEAR;SEASHELLS;98982.0;2
236500;Charlie;Paris;BANANAS;SEASHELLS;4859.0;1
236500;Pablo;Caesar;PINA_COLADAS;SEASHELLS;14992.0;9
236800;Peter;Caesar;PINA_COLADAS;SEASHELLS;14995.0;4
236900;Gary;Charlie;BANANAS;SEASHELLS;4865.0;12
237100;Paris;Charlie;PEARLS;SEASHELLS;10004.0;1
237100;Paris;Caesar;PEARLS;SEASHELLS;10004.0;1
237100;Paris;Charlie;BANANAS;SEASHELLS;4865.0;1
237100;Paris;Caesar;BANANAS;SEASHELLS;4865.0;1
237400;Paris;Camilla;DIVING_GEAR;SEASHELLS;98993.0;3
237500;Pablo;Charlie;BANANAS;SEASHELLS;4864.0;4
237500;Pablo;Paris;BANANAS;SEASHELLS;4864.0;1
237600;Charlie;Peter;PINA_COLADAS;SEASHELLS;15004.0;2
237700;Charlie;Paris;BANANAS;SEASHELLS;4859.0;1
238200;Camilla;Gary;PEARLS;SEASHELLS;9998.0;9
238300;Charlie;Paris;BANANAS;SEASHELLS;4861.0;1
238400;Paris;Pablo;PEARLS;SEASHELLS;9998.0;1
238400;Camilla;Camilla;DIVING_GEAR;SEASHELLS;98974.0;1
238400;Charlie;Pablo;PEARLS;SEASHELLS;9998.0;1
238500;Caesar;Gary;PEARLS;SEASHELLS;9996.0;2
238700;Camilla;Gina;PEARLS;SEASHELLS;9998.0;9
238800;Paris;Paris;BANANAS;SEASHELLS;4862.0;1
238800;Paris;Caesar;PEARLS;SEASHELLS;10004.0;2
239200;Camilla;Paris;BANANAS;SEASHELLS;4862.0;1
239200;Caesar;Caesar;COCONUTS;SEASHELLS;7966.0;60
239200;Charlie;Caesar;BANANAS;SEASHELLS;4864.0;2
239300;Pablo;Charlie;BANANAS;SEASHELLS;4866.0;4
239400;Camilla;Paris;BANANAS;SEASHELLS;4862.0;1
239400;Camilla;Paris;PEARLS;SEASHELLS;9998.0;1
239900;Pablo;Camilla;BANANAS;SEASHELLS;4866.0;4
240000;Penelope;Charlie;PEARLS;SEASHELLS;10005.0;4
240400;Charlie;Penelope;BANANAS;SEASHELLS;4861.0;9
240400;Camilla;Penelope;BANANAS;SEASHELLS;4861.0;1
240500;Paris;Camilla;BERRIES;SEASHELLS;3905.0;3
240600;Gary;Caesar;PEARLS;SEASHELLS;10004.0;2
240600;Charlie;Paris;BANANAS;SEASHELLS;4861.0;1
240600;Gary;Charlie;PEARLS;SEASHELLS;10004.0;10
241300;Charlie;Gary;BANANAS;SEASHELLS;4860.0;18
241300;Paris;Charlie;PEARLS;SEASHELLS;10002.0;1
241300;Camilla;Paris;BANANAS;SEASHELLS;4859.0;1
241300;Camilla;Gary;BANANAS;SEASHELLS;4860.0;1
241400;Charlie;Paris;PEARLS;SEASHELLS;9998.0;1
241700;Caesar;Paris;PEARLS;SEASHELLS;9996.0;1
241700;Pablo;Paris;BERRIES;SEASHELLS;3902.0;8
241700;Charlie;Paris;BANANAS;SEASHELLS;4859.0;1
241900;Paris;Charlie;BANANAS;SEASHELLS;4864.0;1
242200;Charlie;Paris;PEARLS;SEASHELLS;9998.0;1
242300;Paris;Charlie;BANANAS;SEASHELLS;4865.0;1
242600;Paris;Charlie;PEARLS;SEASHELLS;10002.0;1
242700;Charlie;Paris;PEARLS;SEASHELLS;9996.0;1
242700;Caesar;Paris;PEARLS;SEASHELLS;9996.0;1
242700;Charlie;Camilla;DIVING_GEAR;SEASHELLS;98993.0;2
242700;Charlie;Paris;BANANAS;SEASHELLS;4859.0;2
242900;Paris;Camilla;BANANAS;SEASHELLS;4865.0;1
243000;Charlie;Paris;PEARLS;SEASHELLS;9998.0;1
243000;Charlie;Paris;BANANAS;SEASHELLS;4860.0;2
243000;Charlie;Paris;BANANAS;SEASHELLS;4860.0;1
243000;Charlie;Paris;PEARLS;SEASHELLS;9995.0;2
243000;Charlie;Caesar;BANANAS;SEASHELLS;4862.0;3
243100;Caesar;Paris;BANANAS;SEASHELLS;4861.0;1
243200;Charlie;Camilla;DIVING_GEAR;SEASHELLS;98998.0;2
243300;Camilla;Gary;BERRIES;SEASHELLS;3902.0;20
243400;Camilla;Paris;PEARLS;SEASHELLS;9998.0;1
243400;Paris;Charlie;BANANAS;SEASHELLS;4866.0;1
243700;Charlie;Penelope;PEARLS;SEASHELLS;9996.0;6
243700;Caesar;Penelope;PEARLS;SEASHELLS;9996.0;1
243800;Paris;Camilla;BERRIES;SEASHELLS;3907.0;1
244100;Paris;Camilla;DIVING_GEAR;SEASHELLS;99017.0;1
244300;Paris;Charlie;PEARLS;SEASHELLS;10002.0;1
244400;Paris;Caesar;PEARLS;SEASHELLS;10004.0;2
244400;Paris;Charlie;BANANAS;SEASHELLS;4867.0;2
244400;Pablo;Charlie;PEARLS;SEASHELLS;10002.0;4
244600;Paris;Charlie;BANANAS;SEASHELLS;4867.0;1
244600;Charlie;Pablo;PEARLS;SEASHELLS;9998.0;5
244800;Paris;Pablo;BANANAS;SEASHELLS;4863.0;1
244800;Charlie;Paris;PEARLS;SEASHELLS;9995.0;2
244800;Charlie;Paris;BANANAS;SEASHELLS;4862.0;2
244900;Charlie;Paris;PEARLS;SEASHELLS;9995.0;2
244900;Gary;Charlie;PEARLS;SEASHELLS;10005.0;8
244900;Paris;Caesar;BANANAS;SEASHELLS;4867.0;1
244900;Charlie;Paris;BANANAS;SEASHELLS;4862.0;2
245000;Charlie;Pablo;PEARLS;SEASHELLS;9998.0;5
245600;Paris;Charlie;BANANAS;SEASHELLS;4867.0;1
245800;Camilla;Paris;BANANAS;SEASHELLS;4861.0;1
245900;Caesar;Caesar;PINA_COLADAS;SEASHELLS;14984.0;23
246000;Paris;Charlie;BANANAS;SEASHELLS;4867.0;1
246100;Charlie;Pablo;PEARLS;SEASHELLS;9998.0;5
246300;Penelope;Camilla;BERRIES;SEASHELLS;3908.0;14
246500;Charlie;Pablo;PEARLS;SEASHELLS;9998.0;4
246700;Charlie;Pablo;COCONUTS;SEASHELLS;7960.0;14
247100;Charlie;Penelope;PEARLS;SEASHELLS;9995.0;4
247300;Paris;Camilla;DIVING_GEAR;SEASHELLS;98997.0;3
247900;Penelope;Caesar;PEARLS;SEASHELLS;10004.0;2
247900;Penelope;Charlie;PEARLS;SEASHELLS;10004.0;2
248500;Paris;Charlie;DIVING_GEAR;SEASHELLS;99021.0;3
249200;Charlie;Penelope;PEARLS;SEASHELLS;9995.0;2
249300;Charlie;Paris;BANANAS;SEASHELLS;4857.0;1
249300;Paris;Charlie;PEARLS;SEASHELLS;10002.0;1
249400;Peter;Caesar;PINA_COLADAS;SEASHELLS;14995.0;4
249800;Peter;Caesar;PINA_COLADAS;SEASHELLS;14990.0;2
250000;Charlie;Paris;PEARLS;SEASHELLS;9998.0;1
250000;Peter;Charlie;COCONUTS;SEASHELLS;7964.0;10
250000;Paris;Charlie;BANANAS;SEASHELLS;4860.0;1
250100;Gina;Camilla;BANANAS;SEASHELLS;4859.0;3
250200;Pablo;Charlie;PEARLS;SEASHELLS;10002.0;3
250200;Charlie;Gary;BANANAS;SEASHELLS;4855.0;16
250200;Camilla;Gary;BANANAS;SEASHELLS;4855.0;4
250300;Charlie;Paris;DIVING_GEAR;SEASHELLS;99070.0;2
250300;Charlie;Peter;COCONUTS;SEASHELLS;7963.0;9
250400;Penelope;Camilla;BERRIES;SEASHELLS;3909.0;11
250500;Paris;Caesar;PEARLS;SEASHELLS;10004.0;1
250500;Paris;Charlie;BANANAS;SEASHELLS;4861.0;1
250500;Caesar;Paris;BANANAS;SEASHELLS;4855.0;1
250600;Gina;Charlie;BANANAS;SEASHELLS;4859.0;11
251100;Camilla;Paris;DIVING_GEAR;SEASHELLS;99026.0;1
251200;Paris;Charlie;BANANAS;SEASHELLS;4862.0;1
251200;Peter;Paris;BERRIES;SEASHELLS;3906.0;3
251200;Paris;Charlie;PEARLS;SEASHELLS;10005.0;1
251300;Paris;Camilla;BANANAS;SEASHELLS;4860.0;1
251300;Penelope;Camilla;BERRIES;SEASHELLS;3909.0;10
251400;Charlie;Paris;BANANAS;SEASHELLS;4855.0;1
251700;Paris;Camilla;PEARLS;SEASHELLS;10002.0;1
251900;Pablo;Paris;BANANAS;SEASHELLS;4859.0;1
251900;Paris;Camilla;BERRIES;SEASHELLS;3909.0;1
251900;Charlie;Pablo;COCONUTS;SEASHELLS;7962.0;13
251900;Camilla;Paris;PEARLS;SEASHELLS;9998.0;1
252400;Penelope;Caesar;PEARLS;SEASHELLS;10004.0;2
252500;Gary;Camilla;BERRIES;SEASHELLS;3911.0;17
252500;Caesar;Penelope;PEARLS;SEASHELLS;9996.0;2
252700;Camilla;Paris;DIVING_GEAR;SEASHELLS;99006.0;3
253000;Charlie;Paris;BANANAS;SEASHELLS;4856.0;1
253000;Paris;Charlie;DIVING_GEAR;SEASHELLS;99031.0;2
253100;Paris;Charlie;DIVING_GEAR;SEASHELLS;99031.0;2
253300;Charlie;Peter;COCONUTS;SEASHELLS;7965.0;5
253400;Paris;Camilla;BERRIES;SEASHELLS;3912.0;2
253400;Caesar;Penelope;PEARLS;SEASHELLS;10000.0;2
253600;Paris;Camilla;BANANAS;SEASHELLS;4860.0;1
253900;Caesar;Pablo;COCONUTS;SEASHELLS;7966.0;12
254000;Caesar;Paris;BANANAS;SEASHELLS;4855.0;1
254100;Paris;Charlie;PEARLS;SEASHELLS;10005.0;2
254100;Paris;Charlie;BANANAS;SEASHELLS;4862.0;2
254400;Paris;Caesar;BANANAS;SEASHELLS;4861.0;1
254700;Pablo;Paris;BANANAS;SEASHELLS;4858.0;1
254700;Charlie;Peter;PINA_COLADAS;SEASHELLS;15002.0;2
254700;Camilla;Gary;BERRIES;SEASHELLS;3903.0;13
254700;Caesar;Paris;PEARLS;SEASHELLS;9996.0;1
254800;Pablo;Charlie;BANANAS;SEASHELLS;4858.0;2
254800;Paris;Charlie;BANANAS;SEASHELLS;4859.0;1
255000;Peter;Caesar;PINA_COLADAS;SEASHELLS;15006.0;5
255100;Paris;Caesar;PEARLS;SEASHELLS;10004.0;1
255100;Paris;Charlie;BANANAS;SEASHELLS;4859.0;1
255300;Gary;Camilla;PEARLS;SEASHELLS;10002.0;3
255300;Camilla;Camilla;DIVING_GEAR;SEASHELLS;99046.0;3
255400;Charlie;Paris;BANANAS;SEASHELLS;4852.0;2
255400;Caesar;Paris;PEARLS;SEASHELLS;9996.0;2
255500;Pablo;Caesar;PINA_COLADAS;SEASHELLS;15006.0;6
255600;Charlie;Paris;BANANAS;SEASHELLS;4851.0;1
255600;Camilla;Paris;BERRIES;SEASHELLS;3903.0;6
255700;Paris;Caesar;PEARLS;SEASHELLS;10004.0;2
255700;Paris;Charlie;BANANAS;SEASHELLS;4858.0;2
255900;Paris;Charlie;BANANAS;SEASHELLS;4857.0;1
255900;Paris;Camilla;BERRIES;SEASHELLS;3909.0;5
256300;Camilla;Gina;BANANAS;SEASHELLS;4853.0;4
256300;Charlie;Gina;BANANAS;SEASHELLS;4853.0;7
256400;Caesar;Paris;BANANAS;SEASHELLS;4852.0;1
256400;Charlie;Paris;DIVING_GEAR;SEASHELLS;99064.0;1
256500;Caesar;Caesar;PINA_COLADAS;SEASHELLS;15004.0;30
256800;Pablo;Charlie;PEARLS;SEASHELLS;10002.0;3
256800;Caesar;Peter;COCONUTS;SEASHELLS;7967.0;8
257200;Paris;Gina;BANANAS;SEASHELLS;4856.0;1
257200;Paris;Camilla;PEARLS;SEASHELLS;10002.0;1
257300;Paris;Charlie;PEARLS;SEASHELLS;10002.0;1
257400;Paris;Charlie;PEARLS;SEASHELLS;10002.0;1
257400;Paris;Charlie;BANANAS;SEASHELLS;4857.0;1
257400;Paris;Charlie;PEARLS;SEASHELLS;10005.0;1
257500;Charlie;Paris;BANANAS;SEASHELLS;4852.0;1
257900;Paris;Charlie;PEARLS;SEASHELLS;10002.0;1
258100;Charlie;Camilla;DIVING_GEAR;SEASHELLS;99101.0;1
258200;Peter;Charlie;PINA_COLADAS;SEASHELLS;15006.0;3
258600;Pablo;Charlie;PEARLS;SEASHELLS;10002.0;2
258800;Camilla;Paris;BERRIES;SEASHELLS;3904.0;5
258900;Penelope;Caesar;BANANAS;SEASHELLS;4855.0;2
258900;Gary;Charlie;PEARLS;SEASHELLS;10004.0;9
258900;Gary;Caesar;PEARLS;SEASHELLS;10004.0;2
258900;Penelope;Charlie;BANANAS;SEASHELLS;4855.0;7
259000;Paris;Charlie;BANANAS;SEASHELLS;4854.0;1
259100;Caesar;Paris;BANANAS;SEASHELLS;4851.0;1
259100;Caesar;Paris;PEARLS;SEASHELLS;9996.0;2
259200;Gary;Charlie;BANANAS;SEASHELLS;4855.0;15
259400;Peter;Charlie;PINA_COLADAS;SEASHELLS;15017.0;3
259400;Paris;Camilla;PEARLS;SEASHELLS;10002.0;1
259700;Paris;Camilla;DIVING_GEAR;SEASHELLS;99075.0;2
259800;Paris;Charlie;BANANAS;SEASHELLS;4852.0;1
260000;Charlie;Penelope;BANANAS;SEASHELLS;4846.0;6
260100;Charlie;Paris;BANANAS;SEASHELLS;4846.0;1
260300;Charlie;Paris;BANANAS;SEASHELLS;4845.0;1
260500;Penelope;Camilla;BERRIES;SEASHELLS;3912.0;14
260700;Penelope;Charlie;PEARLS;SEASHELLS;10005.0;8
260900;Paris;Charlie;BANANAS;SEASHELLS;4851.0;1
261100;Caesar;Paris;BANANAS;SEASHELLS;4846.0;1
261300;Charlie;Paris;BANANAS;SEASHELLS;4846.0;1
261700;Peter;Charlie;PINA_COLADAS;SEASHELLS;15018.0;5
261800;Paris;Charlie;BANANAS;SEASHELLS;4850.0;1
262500;Penelope;Camilla;BERRIES;SEASHELLS;3913.0;14
262700;Charlie;Pablo;BANANAS;SEASHELLS;4846.0;5
263100;Charlie;Penelope;BANANAS;SEASHELLS;4845.0;7
263300;Pablo;Paris;PEARLS;SEASHELLS;10002.0;1
263400;Camilla;Paris;BERRIES;SEASHELLS;3906.0;3
263400;Paris;Charlie;PEARLS;SEASHELLS;10002.0;1
263500;Charlie;Paris;BANANAS;SEASHELLS;4847.0;1
263500;Peter;Gary;BERRIES;SEASHELLS;3910.0;4
263500;Charlie;Pablo;PEARLS;SEASHELLS;9998.0;1
263600;Charlie;Camilla;DIVING_GEAR;SEASHELLS;99133.0;1
263700;Charlie;Paris;PEARLS;SEASHELLS;9998.0;1
263700;Paris;Charlie;DIVING_GEAR;SEASHELLS;99140.0;3
264000;Camilla;Gary;PEARLS;SEASHELLS;9998.0;8
264000;Penelope;Charlie;BANANAS;SEASHELLS;4852.0;9
264200;Camilla;Penelope;BERRIES;SEASHELLS;3906.0;12
264200;Paris;Charlie;BANANAS;SEASHELLS;4852.0;2
264200;Paris;Caesar;PEARLS;SEASHELLS;10004.0;1
264300;Caesar;Paris;PEARLS;SEASHELLS;9996.0;1
264300;Charlie;Paris;BANANAS;SEASHELLS;4846.0;1
264300;Charlie;Gina;PEARLS;SEASHELLS;9998.0;6
264400;Charlie;Pablo;BANANAS;SEASHELLS;4847.0;2
264700;Peter;Charlie;COCONUTS;SEASHELLS;7978.0;6
264800;Camilla;Paris;BERRIES;SEASHELLS;3907.0;9
265000;Charlie;Pablo;PINA_COLADAS;SEASHELLS;15001.0;11
265200;Charlie;Paris;PEARLS;SEASHELLS;9995.0;1
265200;Charlie;Paris;BANANAS;SEASHELLS;4847.0;1
265300;Paris;Charlie;BANANAS;SEASHELLS;4854.0;2
265300;Paris;Caesar;PEARLS;SEASHELLS;10004.0;2
265700;Camilla;Paris;PEARLS;SEASHELLS;9998.0;2
265700;Camilla;Paris;BANANAS;SEASHELLS;4847.0;2
265900;Paris;Camilla;BERRIES;SEASHELLS;3913.0;3
265900;Caesar;Pablo;COCONUTS;SEASHELLS;7975.0;14
265900;Paris;Camilla;DIVING_GEAR;SEASHELLS;99143.0;1
266000;Charlie;Paris;BANANAS;SEASHELLS;4847.0;1
266200;Pablo;Charlie;PEARLS;SEASHELLS;10002.0;2
266600;Charlie;Pablo;BANANAS;SEASHELLS;4849.0;4
266600;Caesar;Paris;BANANAS;SEASHELLS;4848.0;1
266900;Camilla;Paris;BERRIES;SEASHELLS;3910.0;1
267200;Peter;Charlie;COCONUTS;SEASHELLS;7980.0;10
267200;Charlie;Penelope;BANANAS;SEASHELLS;4848.0;4
267200;Paris;Penelope;PEARLS;SEASHELLS;10002.0;1
267400;Charlie;Camilla;DIVING_GEAR;SEASHELLS;99182.0;1
267600;Charlie;Paris;BANANAS;SEASHELLS;4850.0;1
267700;Peter;Charlie;PINA_COLADAS;SEASHELLS;15007.0;5
267700;Charlie;Paris;BANANAS;SEASHELLS;4850.0;1
267700;Caesar;Paris;PEARLS;SEASHELLS;9996.0;1
267900;Charlie;Paris;PEARLS;SEASHELLS;9998.0;1
267900;Charlie;Penelope;PEARLS;SEASHELLS;9995.0;3
268000;Gary;Paris;BANANAS;SEASHELLS;4855.0;2
268000;Charlie;Paris;PEARLS;SEASHELLS;9995.0;2
268000;Gary;Camilla;BANANAS;SEASHELLS;4855.0;4
268200;Charlie;Gary;BANANAS;SEASHELLS;4850.0;19
268400;Paris;Camilla;BANANAS;SEASHELLS;4855.0;1
268500;Paris;Charlie;PEARLS;SEASHELLS;10002.0;1
268600;Paris;Charlie;PEARLS;SEASHELLS;10005.0;2
268600;Paris;Charlie;BANANAS;SEASHELLS;4856.0;2
268900;Penelope;Charlie;BANANAS;SEASHELLS;4855.0;2
269000;Paris;Charlie;BANANAS;SEASHELLS;4856.0;2
269000;Paris;Charlie;PEARLS;SEASHELLS;10005.0;2
269400;Charlie;Paris;PEARLS;SEASHELLS;9998.0;1
269800;Camilla;Paris;BANANAS;SEASHELLS;4848.0;1
269900;Charlie;Paris;BANANAS;SEASHELLS;4848.0;2
269900;Caesar;Paris;PEARLS;SEASHELLS;9996.0;1
270000;Charlie;Pablo;PEARLS;SEASHELLS;9998.0;4
270000;Charlie;Gina;BANANAS;SEASHELLS;4848.0;11
270000;Charlie;Paris;BANANAS;SEASHELLS;4848.0;1
270100;Gina;Camilla;BANANAS;SEASHELLS;4852.0;1
270100;Paris;Camilla;PEARLS;SEASHELLS;10002.0;1
270400;Caesar;Paris;BANANAS;SEASHELLS;4847.0;1
270600;Charlie;Penelope;BANANAS;SEASHELLS;4847.0;4
270900;Camilla;Paris;PEARLS;SEASHELLS;9998.0;1
270900;Charlie;Caesar;BANANAS;SEASHELLS;4849.0;3
271000;Paris;Camilla;DIVING_GEAR;SEASHELLS;99208.0;2
271000;Caesar;Paris;BANANAS;SEASHELLS;4847.0;1
271400;Pablo;Charlie;PEARLS;SEASHELLS;10002.0;2
271700;Penelope;Charlie;BANANAS;SEASHELLS;4852.0;10
271800;Paris;Charlie;BANANAS;SEASHELLS;4852.0;1
271900;Camilla;Paris;BANANAS;SEASHELLS;4848.0;1
271900;Penelope;Charlie;BANANAS;SEASHELLS;4854.0;4
271900;Camilla;Paris;PEARLS;SEASHELLS;9998.0;1
271900;Camilla;Pablo;PEARLS;SEASHELLS;9998.0;4
272000;Gina;Paris;BANANAS;SEASHELLS;4852.0;2
272000;Caesar;Paris;PEARLS;SEASHELLS;10000.0;1
272000;Camilla;Paris;BERRIES;SEASHELLS;3910.0;1
272000;Caesar;Paris;PEARLS;SEASHELLS;9998.0;1
272300;Paris;Charlie;BANANAS;SEASHELLS;4852.0;1
272500;Paris;Peter;BERRIES;SEASHELLS;3915.0;1
272800;Charlie;Paris;BANANAS;SEASHELLS;4848.0;1
273100;Paris;Charlie;PEARLS;SEASHELLS;10002.0;1
273200;Paris;Charlie;BANANAS;SEASHELLS;4852.0;1
273200;Paris;Camilla;DIVING_GEAR;SEASHELLS;99212.0;1
273700;Caesar;Gina;BANANAS;SEASHELLS;4847.0;1
273800;Pablo;Charlie;BANANAS;SEASHELLS;4851.0;5
273800;Penelope;Charlie;PEARLS;SEASHELLS;10004.0;4
273800;Penelope;Caesar;PEARLS;SEASHELLS;10004.0;1
273900;Pablo;Charlie;BANANAS;SEASHELLS;4851.0;4
274000;Charlie;Paris;PEARLS;SEASHELLS;9998.0;1
274100;Pablo;Camilla;PEARLS;SEASHELLS;10002.0;3
274300;Charlie;Penelope;PEARLS;SEASHELLS;9995.0;3
274600;Charlie;Pablo;COCONUTS;SEASHELLS;7967.0;16
274600;Camilla;Paris;BANANAS;SEASHELLS;4848.0;1
275000;Pablo;Charlie;BANANAS;SEASHELLS;4852.0;5
275100;Camilla;Paris;PEARLS;SEASHELLS;9998.0;1
275100;Camilla;Paris;BANANAS;SEASHELLS;4848.0;1
275400;Penelope;Charlie;BANANAS;SEASHELLS;4854.0;3
275600;Gary;Caesar;BANANAS;SEASHELLS;4853.0;1
275600;Gary;Charlie;BANANAS;SEASHELLS;4853.0;19
275800;Paris;Charlie;BANANAS;SEASHELLS;4853.0;1
276100;Charlie;Penelope;BANANAS;SEASHELLS;4847.0;2
276500;Charlie;Gary;PEARLS;SEASHELLS;9995.0;9
276600;Charlie;Paris;BANANAS;SEASHELLS;4846.0;1
276700;Pablo;Camilla;PEARLS;SEASHELLS;10002.0;1
276700;Caesar;Penelope;BANANAS;SEASHELLS;4846.0;2
276800;Paris;Charlie;DIVING_GEAR;SEASHELLS;99253.0;1
276900;Gary;Camilla;BERRIES;SEASHELLS;3919.0;13
277000;Paris;Camilla;BERRIES;SEASHELLS;3920.0;5
277100;Gary;Charlie;PEARLS;SEASHELLS;10005.0;10
277300;Charlie;Penelope;PEARLS;SEASHELLS;9995.0;8
277800;Charlie;Paris;BANANAS;SEASHELLS;4844.0;1
277900;Penelope;Charlie;BANANAS;SEASHELLS;4850.0;8
278100;Paris;Camilla;BANANAS;SEASHELLS;4849.0;1
278200;Pablo;Charlie;PEARLS;SEASHELLS;10002.0;3
278200;Pablo;Charlie;BANANAS;SEASHELLS;4848.0;3
278400;Camilla;Camilla;DIVING_GEAR;SEASHELLS;99305.0;2
278600;Caesar;Peter;PINA_COLADAS;SEASHELLS;14942.0;5
278900;Charlie;Paris;PEARLS;SEASHELLS;9995.0;2
278900;Charlie;Paris;BANANAS;SEASHELLS;4843.0;2
279100;Charlie;Paris;PEARLS;SEASHELLS;9995.0;1
279100;Caesar;Paris;BANANAS;SEASHELLS;4846.0;1
279200;Paris;Paris;BANANAS;SEASHELLS;4849.0;1
279200;Paris;Paris;PEARLS;SEASHELLS;10002.0;1
