timestamp;buyer;seller;symbol;currency;price;quantity
0;Paris;Charlie;BANANAS;SEASHELLS;5003.0;1
0;Paris;Penelope;PEARLS;SEASHELLS;9996.0;1
0;Caesar;Penelope;PEARLS;SEASHELLS;9996.0;1
1100;Camilla;Paris;BANANAS;SEASHELLS;4998.0;1
1300;Charlie;Penelope;BANANAS;SEASHELLS;5000.0;4
1300;Caesar;Penelope;BANANAS;SEASHELLS;5000.0;3
1400;Charlie;Penelope;BANANAS;SEASHELLS;4997.0;10
1500;Paris;Charlie;BANANAS;SEASHELLS;5004.0;1
1500;Paris;Caesar;PEARLS;SEASHELLS;10004.0;1
1800;Paris;Charlie;BANANAS;SEASHELLS;5003.0;1
2000;Paris;Charlie;BANANAS;SEASHELLS;5002.0;1
2500;Charlie;Paris;PEARLS;SEASHELLS;9998.0;1
3200;Charlie;Paris;BANANAS;SEASHELLS;4996.0;1
3200;Caesar;Paris;PEARLS;SEASHELLS;9996.0;1
3300;Charlie;Paris;PEARLS;SEASHELLS;9995.0;2
3300;Charlie;Paris;BANANAS;SEASHELLS;4996.0;2
3600;Penelope;Charlie;PEARLS;SEASHELLS;10005.0;6
3900;Paris;Charlie;BANANAS;SEASHELLS;5002.0;1
4000;Camilla;Pablo;PEARLS;SEASHELLS;9998.0;1
4200;Camilla;Paris;BANANAS;SEASHELLS;4996.0;1
4200;Penelope;Caesar;PEARLS;SEASHELLS;10004.0;2
4200;Penelope;Charlie;PEARLS;SEASHELLS;10004.0;1
6400;Charlie;Paris;BANANAS;SEASHELLS;4995.0;1
6600;Caesar;Paris;BANANAS;SEASHELLS;4995.0;1
6700;Camilla;Paris;PEARLS;SEASHELLS;9998.0;2
6700;Camilla;Paris;BANANAS;SEASHELLS;4996.0;2
6900;Pablo;Charlie;BANANAS;SEASHELLS;4999.0;1
6900;Pablo;Camilla;BANANAS;SEASHELLS;4999.0;1
7300;Caesar;Paris;BANANAS;SEASHELLS;4995.0;1
7400;Paris;Camilla;BANANAS;SEASHELLS;5000.0;1
7400;Paris;Pablo;BANANAS;SEASHELLS;4996.0;1
7400;Paris;Camilla;PEARLS;SEASHELLS;10002.0;1
7500;Paris;Charlie;PEARLS;SEASHELLS;10002.0;1
8200;Paris;Camilla;BANANAS;SEASHELLS;5000.0;1
8600;Paris;Camilla;BANANAS;SEASHELLS;4999.0;1
8600;Paris;Camilla;PEARLS;SEASHELLS;10002.0;1
8700;Paris;Camilla;PEARLS;SEASHELLS;10002.0;2
8700;Paris;Camilla;BANANAS;SEASHELLS;4999.0;2
8800;Paris;Charlie;PEARLS;SEASHELLS;10002.0;1
8800;Paris;Charlie;BANANAS;SEASHELLS;4999.0;1
9600;Caesar;Penelope;PEARLS;SEASHELLS;10000.0;3
10100;Caesar;Paris;PEARLS;SEASHELLS;9998.0;1
10200;Caesar;Paris;PEARLS;SEASHELLS;9996.0;1
10200;Charlie;Paris;BANANAS;SEASHELLS;4994.0;1
10500;Pablo;Charlie;BANANAS;SEASHELLS;4999.0;5
11100;Paris;Charlie;BANANAS;SEASHELLS;5001.0;2
11100;Paris;Charlie;PEARLS;SEASHELLS;10005.0;2
11300;Charlie;Paris;BANANAS;SEASHELLS;4994.0;1
11400;Charlie;Paris;BANANAS;SEASHELLS;4995.0;1
12800;Charlie;Gary;BANANAS;SEASHELLS;4994.0;13
12900;Paris;Camilla;BANANAS;SEASHELLS;4999.0;1
13000;Charlie;Paris;PEARLS;SEASHELLS;9998.0;1
13500;Camilla;Paris;BANANAS;SEASHELLS;4993.0;1
13600;Caesar;Paris;PEARLS;SEASHELLS;9998.0;1
13900;Charlie;Paris;BANANAS;SEASHELLS;4992.0;2
13900;Caesar;Paris;PEARLS;SEASHELLS;9996.0;1
13900;Charlie;Paris;PEARLS;SEASHELLS;9996.0;1
14000;Penelope;Charlie;PEARLS;SEASHELLS;10005.0;7
14300;Charlie;Paris;BANANAS;SEASHELLS;4992.0;1
15000;Charlie;Paris;BANANAS;SEASHELLS;4992.0;1
15100;Penelope;Charlie;PEARLS;SEASHELLS;10005.0;4
15400;Pablo;Camilla;PEARLS;SEASHELLS;10002.0;5
15800;Gina;Charlie;BANANAS;SEASHELLS;4996.0;8
15800;Gina;Camilla;BANANAS;SEASHELLS;4996.0;2
16500;Gary;Camilla;BANANAS;SEASHELLS;4995.0;9
16500;Gary;Charlie;BANANAS;SEASHELLS;4995.0;5
16700;Charlie;Caesar;BANANAS;SEASHELLS;4994.0;4
16800;Penelope;Charlie;BANANAS;SEASHELLS;4999.0;2
17300;Paris;Camilla;PEARLS;SEASHELLS;10002.0;1
17800;Pablo;Charlie;BANANAS;SEASHELLS;4995.0;5
18100;Caesar;Paris;BANANAS;SEASHELLS;4992.0;1
18200;Charlie;Caesar;BANANAS;SEASHELLS;4994.0;5
18200;Camilla;Paris;PEARLS;SEASHELLS;9998.0;1
18300;Paris;Charlie;PEARLS;SEASHELLS;10005.0;2
18300;Camilla;Paris;PEARLS;SEASHELLS;9998.0;1
18300;Paris;Charlie;BANANAS;SEASHELLS;4998.0;2
18500;Penelope;Charlie;PEARLS;SEASHELLS;10005.0;5
18600;Charlie;Paris;BANANAS;SEASHELLS;4993.0;1
19200;Charlie;Paris;BANANAS;SEASHELLS;4992.0;1
19400;Camilla;Paris;BANANAS;SEASHELLS;4991.0;1
19500;Paris;Charlie;PEARLS;SEASHELLS;10002.0;1
19600;Pablo;Charlie;BANANAS;SEASHELLS;4995.0;1
19600;Pablo;Charlie;PEARLS;SEASHELLS;10002.0;1
19900;Paris;Charlie;PEARLS;SEASHELLS;10002.0;1
20200;Pablo;Charlie;PEARLS;SEASHELLS;10002.0;1
20300;Penelope;Caesar;BANANAS;SEASHELLS;4998.0;1
20300;Paris;Charlie;BANANAS;SEASHELLS;4997.0;1
20300;Penelope;Charlie;BANANAS;SEASHELLS;4998.0;5
20300;Pablo;Charlie;BANANAS;SEASHELLS;4996.0;5
20400;Charlie;Penelope;BANANAS;SEASHELLS;4992.0;2
20600;Charlie;Paris;PEARLS;SEASHELLS;9998.0;1
20600;Charlie;Gary;PEARLS;SEASHELLS;9995.0;9
20900;Paris;Charlie;BANANAS;SEASHELLS;4998.0;1
20900;Paris;Paris;PEARLS;SEASHELLS;9998.0;1
21300;Paris;Camilla;BANANAS;SEASHELLS;4996.0;1
21300;Paris;Camilla;PEARLS;SEASHELLS;10002.0;1
22300;Charlie;Paris;BANANAS;SEASHELLS;4990.0;1
22700;Gary;Pablo;PEARLS;SEASHELLS;9998.0;1
23000;Gina;Pablo;PEARLS;SEASHELLS;9998.0;4
23100;Paris;Pablo;BANANAS;SEASHELLS;4990.0;1
23300;Caesar;Pablo;PEARLS;SEASHELLS;9998.0;2
23900;Charlie;Pablo;PEARLS;SEASHELLS;9998.0;3
23900;Charlie;Penelope;PEARLS;SEASHELLS;9995.0;8
24300;Paris;Penelope;PEARLS;SEASHELLS;10002.0;1
24500;Paris;Charlie;BANANAS;SEASHELLS;4993.0;1
24600;Gary;Charlie;BANANAS;SEASHELLS;4994.0;16
24600;Charlie;Penelope;PEARLS;SEASHELLS;9996.0;2
24600;Caesar;Penelope;PEARLS;SEASHELLS;9996.0;2
25100;Paris;Charlie;BANANAS;SEASHELLS;4992.0;1
25100;Paris;Charlie;PEARLS;SEASHELLS;10002.0;1
25600;Paris;Caesar;PEARLS;SEASHELLS;10004.0;2
25600;Paris;Charlie;BANANAS;SEASHELLS;4993.0;2
25700;Gina;Camilla;PEARLS;SEASHELLS;10002.0;8
25700;Gina;Charlie;PEARLS;SEASHELLS;10002.0;3
26300;Camilla;Paris;BANANAS;SEASHELLS;4986.0;1
26400;Charlie;Paris;BANANAS;SEASHELLS;4985.0;1
26400;Gary;Charlie;PEARLS;SEASHELLS;10005.0;9
26600;Gary;Charlie;BANANAS;SEASHELLS;4991.0;15
26700;Paris;Charlie;BANANAS;SEASHELLS;4990.0;1
27000;Paris;Charlie;PEARLS;SEASHELLS;10002.0;1
27200;Charlie;Paris;BANANAS;SEASHELLS;4985.0;1
27700;Charlie;Pablo;PEARLS;SEASHELLS;9998.0;1
27700;Caesar;Pablo;PEARLS;SEASHELLS;9998.0;3
27900;Pablo;Charlie;PEARLS;SEASHELLS;10002.0;4
28000;Paris;Charlie;PEARLS;SEASHELLS;10005.0;1
28000;Paris;Charlie;BANANAS;SEASHELLS;4991.0;1
28300;Charlie;Gina;BANANAS;SEASHELLS;4985.0;12
28300;Paris;Pablo;PEARLS;SEASHELLS;9998.0;1
28300;Paris;Pablo;BANANAS;SEASHELLS;4985.0;1
28300;Charlie;Pablo;PEARLS;SEASHELLS;9998.0;2
28300;Charlie;Pablo;BANANAS;SEASHELLS;4985.0;2
28500;Charlie;Pablo;BANANAS;SEASHELLS;4985.0;3
28600;Penelope;Charlie;BANANAS;SEASHELLS;4989.0;1
28600;Penelope;Camilla;BANANAS;SEASHELLS;4989.0;2
28600;Charlie;Paris;PEARLS;SEASHELLS;9998.0;1
29400;Paris;Charlie;PEARLS;SEASHELLS;10005.0;2
29400;Paris;Charlie;BANANAS;SEASHELLS;4990.0;2
29500;Camilla;Pablo;PEARLS;SEASHELLS;9998.0;3
29500;Charlie;Pablo;PEARLS;SEASHELLS;9998.0;2
29900;Pablo;Charlie;BANANAS;SEASHELLS;4989.0;5
29900;Paris;Charlie;BANANAS;SEASHELLS;4990.0;1
30300;Paris;Camilla;BANANAS;SEASHELLS;4989.0;1
30400;Charlie;Paris;BANANAS;SEASHELLS;4984.0;1
30400;Penelope;Caesar;PEARLS;SEASHELLS;10004.0;1
30400;Penelope;Charlie;PEARLS;SEASHELLS;10004.0;6
30900;Camilla;Paris;BANANAS;SEASHELLS;4984.0;1
31000;Caesar;Paris;PEARLS;SEASHELLS;9996.0;1
31000;Charlie;Paris;BANANAS;SEASHELLS;4984.0;1
31200;Charlie;Paris;BANANAS;SEASHELLS;4985.0;1
31300;Charlie;Paris;PEARLS;SEASHELLS;9998.0;1
31300;Paris;Camilla;BANANAS;SEASHELLS;4990.0;1
31600;Pablo;Charlie;PEARLS;SEASHELLS;10002.0;3
31800;Paris;Charlie;PEARLS;SEASHELLS;10002.0;1
32100;Pablo;Camilla;PEARLS;SEASHELLS;10002.0;4
32500;Paris;Charlie;PEARLS;SEASHELLS;10002.0;1
32700;Paris;Charlie;BANANAS;SEASHELLS;4987.0;1
32800;Caesar;Penelope;PEARLS;SEASHELLS;9996.0;2
32800;Charlie;Paris;PEARLS;SEASHELLS;9995.0;2
32800;Caesar;Paris;BANANAS;SEASHELLS;4982.0;2
33100;Gary;Charlie;BANANAS;SEASHELLS;4987.0;8
33100;Gary;Camilla;BANANAS;SEASHELLS;4987.0;5
33200;Camilla;Paris;BANANAS;SEASHELLS;4983.0;1
33300;Paris;Charlie;BANANAS;SEASHELLS;4988.0;1
33500;Pablo;Camilla;PEARLS;SEASHELLS;10002.0;3
33800;Charlie;Penelope;BANANAS;SEASHELLS;4983.0;2
33900;Paris;Charlie;BANANAS;SEASHELLS;4987.0;1
34000;Paris;Paris;BANANAS;SEASHELLS;4988.0;1
34000;Camilla;Paris;PEARLS;SEASHELLS;9998.0;1
34100;Pablo;Charlie;PEARLS;SEASHELLS;10002.0;1
34900;Charlie;Paris;BANANAS;SEASHELLS;4981.0;1
35300;Charlie;Paris;BANANAS;SEASHELLS;4981.0;1
35600;Paris;Charlie;PEARLS;SEASHELLS;10002.0;1
35700;Charlie;Gary;BANANAS;SEASHELLS;4982.0;14
35700;Charlie;Paris;BANANAS;SEASHELLS;4982.0;1
36300;Paris;Charlie;BANANAS;SEASHELLS;4989.0;1
36300;Paris;Charlie;PEARLS;SEASHELLS;10005.0;1
36500;Penelope;Charlie;PEARLS;SEASHELLS;10005.0;4
36800;Charlie;Paris;BANANAS;SEASHELLS;4982.0;1
37300;Caesar;Paris;BANANAS;SEASHELLS;4983.0;1
37400;Paris;Charlie;PEARLS;SEASHELLS;10002.0;1
37400;Charlie;Pablo;BANANAS;SEASHELLS;4984.0;2
37900;Charlie;Penelope;PEARLS;SEASHELLS;9995.0;4
38300;Gary;Charlie;BANANAS;SEASHELLS;4990.0;13
38400;Penelope;Caesar;PEARLS;SEASHELLS;10004.0;2
38500;Gina;Charlie;PEARLS;SEASHELLS;10002.0;6
38500;Paris;Charlie;BANANAS;SEASHELLS;4989.0;1
38900;Charlie;Paris;BANANAS;SEASHELLS;4984.0;1
38900;Charlie;Paris;BANANAS;SEASHELLS;4984.0;2
38900;Charlie;Paris;PEARLS;SEASHELLS;9995.0;2
39100;Penelope;Camilla;PEARLS;SEASHELLS;10002.0;5
39300;Caesar;Paris;PEARLS;SEASHELLS;9996.0;1
39300;Charlie;Paris;BANANAS;SEASHELLS;4984.0;1
39400;Charlie;Paris;BANANAS;SEASHELLS;4984.0;1
39500;Paris;Charlie;BANANAS;SEASHELLS;4989.0;1
40500;Caesar;Gina;BANANAS;SEASHELLS;4983.0;1
40600;Charlie;Paris;BANANAS;SEASHELLS;4983.0;1
41100;Charlie;Paris;BANANAS;SEASHELLS;4983.0;1
41500;Paris;Caesar;PEARLS;SEASHELLS;10002.0;1
41500;Penelope;Caesar;PEARLS;SEASHELLS;10000.0;2
41600;Charlie;Paris;BANANAS;SEASHELLS;4982.0;1
41600;Charlie;Paris;PEARLS;SEASHELLS;9995.0;1
42300;Penelope;Camilla;BANANAS;SEASHELLS;4987.0;7
42900;Paris;Camilla;BANANAS;SEASHELLS;4988.0;1
42900;Paris;Camilla;PEARLS;SEASHELLS;10002.0;1
43100;Paris;Charlie;BANANAS;SEASHELLS;4990.0;2
43100;Paris;Charlie;PEARLS;SEASHELLS;10005.0;2
43400;Paris;Charlie;PEARLS;SEASHELLS;10002.0;1
43500;Charlie;Paris;BANANAS;SEASHELLS;4984.0;1
43700;Camilla;Paris;PEARLS;SEASHELLS;9998.0;1
43900;Paris;Caesar;PEARLS;SEASHELLS;10004.0;2
43900;Camilla;Paris;BANANAS;SEASHELLS;4984.0;1
43900;Paris;Charlie;BANANAS;SEASHELLS;4990.0;2
44000;Charlie;Paris;PEARLS;SEASHELLS;9998.0;1
44700;Paris;Charlie;BANANAS;SEASHELLS;4989.0;1
44800;Caesar;Gary;PEARLS;SEASHELLS;9996.0;1
45100;Caesar;Paris;PEARLS;SEASHELLS;9996.0;1
45100;Caesar;Paris;BANANAS;SEASHELLS;4986.0;1
45600;Gary;Camilla;BANANAS;SEASHELLS;4990.0;8
45800;Charlie;Gary;PEARLS;SEASHELLS;9996.0;10
45800;Charlie;Pablo;BANANAS;SEASHELLS;4987.0;1
45800;Caesar;Gary;PEARLS;SEASHELLS;9996.0;1
45900;Gina;Camilla;BANANAS;SEASHELLS;4991.0;8
45900;Gina;Charlie;BANANAS;SEASHELLS;4991.0;4
46200;Caesar;Paris;PEARLS;SEASHELLS;9998.0;1
46300;Charlie;Paris;PEARLS;SEASHELLS;9995.0;1
46300;Charlie;Paris;BANANAS;SEASHELLS;4987.0;1
46800;Caesar;Paris;PEARLS;SEASHELLS;9996.0;1
46800;Charlie;Paris;BANANAS;SEASHELLS;4988.0;2
46800;Charlie;Paris;BANANAS;SEASHELLS;4988.0;1
47200;Paris;Camilla;BANANAS;SEASHELLS;4993.0;1
47300;Caesar;Gina;BANANAS;SEASHELLS;4988.0;2
47400;Charlie;Paris;BANANAS;SEASHELLS;4987.0;1
47700;Charlie;Paris;BANANAS;SEASHELLS;4988.0;1
48200;Charlie;Caesar;BANANAS;SEASHELLS;4990.0;5
48300;Charlie;Paris;PEARLS;SEASHELLS;9995.0;1
48300;Caesar;Paris;BANANAS;SEASHELLS;4991.0;1
48600;Paris;Caesar;PEARLS;SEASHELLS;10004.0;1
48600;Paris;Caesar;BANANAS;SEASHELLS;4992.0;1
48600;Camilla;Paris;BANANAS;SEASHELLS;4989.0;1
48900;Charlie;Paris;BANANAS;SEASHELLS;4990.0;1
49300;Paris;Charlie;BANANAS;SEASHELLS;4996.0;1
49300;Paris;Charlie;PEARLS;SEASHELLS;10005.0;1
49400;Charlie;Paris;BANANAS;SEASHELLS;4990.0;1
49700;Charlie;Paris;PEARLS;SEASHELLS;9995.0;2
49700;Charlie;Paris;BANANAS;SEASHELLS;4990.0;2
49900;Charlie;Paris;BANANAS;SEASHELLS;4989.0;1
50200;Caesar;Paris;PEARLS;SEASHELLS;9996.0;1
50200;Caesar;Paris;BANANAS;SEASHELLS;4990.0;1
50300;Charlie;Paris;BANANAS;SEASHELLS;4989.0;1
50400;Caesar;Paris;BANANAS;SEASHELLS;4989.0;2
50400;Caesar;Paris;PEARLS;SEASHELLS;9996.0;2
50900;Caesar;Penelope;PEARLS;SEASHELLS;9996.0;2
51000;Charlie;Paris;BANANAS;SEASHELLS;4989.0;1
51000;Charlie;Paris;PEARLS;SEASHELLS;9998.0;1
51300;Paris;Charlie;BANANAS;SEASHELLS;4994.0;1
51500;Charlie;Gary;BANANAS;SEASHELLS;4988.0;13
51600;Paris;Camilla;BANANAS;SEASHELLS;4993.0;1
51600;Paris;Camilla;PEARLS;SEASHELLS;10002.0;1
51900;Gina;Camilla;PEARLS;SEASHELLS;10002.0;2
52000;Charlie;Pablo;PEARLS;SEASHELLS;9998.0;2
52200;Caesar;Paris;BANANAS;SEASHELLS;4989.0;1
52300;Charlie;Paris;BANANAS;SEASHELLS;4988.0;1
52700;Pablo;Charlie;PEARLS;SEASHELLS;10002.0;3
53000;Camilla;Paris;PEARLS;SEASHELLS;9998.0;1
53200;Paris;Charlie;PEARLS;SEASHELLS;10002.0;1
53300;Charlie;Pablo;PEARLS;SEASHELLS;9998.0;2
53400;Penelope;Charlie;BANANAS;SEASHELLS;4994.0;10
53500;Paris;Camilla;BANANAS;SEASHELLS;4993.0;1
53600;Camilla;Gary;BANANAS;SEASHELLS;4988.0;2
53600;Charlie;Paris;BANANAS;SEASHELLS;4987.0;1
53600;Charlie;Gary;BANANAS;SEASHELLS;4988.0;15
53600;Camilla;Paris;PEARLS;SEASHELLS;9998.0;1
53700;Paris;Caesar;PEARLS;SEASHELLS;10004.0;2
53700;Paris;Pablo;BANANAS;SEASHELLS;4989.0;2
53900;Paris;Camilla;PEARLS;SEASHELLS;10002.0;1
54300;Charlie;Paris;PEARLS;SEASHELLS;9998.0;1
54600;Caesar;Penelope;PEARLS;SEASHELLS;9996.0;1
54600;Charlie;Penelope;PEARLS;SEASHELLS;9996.0;5
54600;Charlie;Paris;BANANAS;SEASHELLS;4990.0;1
54600;Charlie;Pablo;BANANAS;SEASHELLS;4991.0;3
54700;Paris;Charlie;BANANAS;SEASHELLS;4995.0;1
54900;Pablo;Camilla;PEARLS;SEASHELLS;10002.0;3
55200;Paris;Charlie;BANANAS;SEASHELLS;4995.0;1
56100;Paris;Charlie;BANANAS;SEASHELLS;4996.0;1
56100;Paris;Caesar;PEARLS;SEASHELLS;10004.0;1
56500;Camilla;Paris;PEARLS;SEASHELLS;9998.0;1
56500;Gina;Paris;BANANAS;SEASHELLS;4991.0;1
56500;Gina;Charlie;BANANAS;SEASHELLS;4995.0;11
56700;Paris;Charlie;PEARLS;SEASHELLS;10002.0;1
56700;Charlie;Penelope;BANANAS;SEASHELLS;4991.0;4
56700;Caesar;Penelope;BANANAS;SEASHELLS;4991.0;2
57000;Paris;Caesar;PEARLS;SEASHELLS;10004.0;1
57000;Paris;Charlie;BANANAS;SEASHELLS;4997.0;1
57100;Paris;Charlie;PEARLS;SEASHELLS;10002.0;1
57200;Paris;Charlie;PEARLS;SEASHELLS;10002.0;1
57300;Paris;Charlie;PEARLS;SEASHELLS;10002.0;1
57400;Paris;Camilla;BANANAS;SEASHELLS;4997.0;1
57700;Caesar;Paris;BANANAS;SEASHELLS;4991.0;1
57700;Pablo;Paris;PEARLS;SEASHELLS;10002.0;2
57800;Charlie;Paris;BANANAS;SEASHELLS;4990.0;1
58000;Paris;Pablo;BANANAS;SEASHELLS;4991.0;1
58400;Caesar;Penelope;PEARLS;SEASHELLS;9996.0;1
58600;Penelope;Camilla;BANANAS;SEASHELLS;4995.0;10
58600;Charlie;Paris;PEARLS;SEASHELLS;9998.0;1
58800;Charlie;Paris;BANANAS;SEASHELLS;4989.0;1
59500;Penelope;Charlie;PEARLS;SEASHELLS;10005.0;4
59700;Gina;Camilla;PEARLS;SEASHELLS;10002.0;6
60000;Paris;Charlie;BANANAS;SEASHELLS;4991.0;1
60200;Charlie;Paris;BANANAS;SEASHELLS;4988.0;1
60200;Caesar;Paris;PEARLS;SEASHELLS;9996.0;1
60200;Charlie;Paris;PEARLS;SEASHELLS;9996.0;1
60200;Caesar;Paris;BANANAS;SEASHELLS;4988.0;1
60300;Caesar;Gary;PEARLS;SEASHELLS;9996.0;2
60300;Charlie;Gary;PEARLS;SEASHELLS;9996.0;6
60300;Gina;Charlie;BANANAS;SEASHELLS;4991.0;13
60400;Paris;Pablo;PEARLS;SEASHELLS;9998.0;1
60500;Charlie;Paris;PEARLS;SEASHELLS;9998.0;1
60600;Caesar;Paris;BANANAS;SEASHELLS;4988.0;1
60800;Charlie;Penelope;BANANAS;SEASHELLS;4987.0;2
61100;Paris;Charlie;PEARLS;SEASHELLS;10005.0;2
61100;Paris;Charlie;PEARLS;SEASHELLS;10002.0;1
61100;Paris;Charlie;BANANAS;SEASHELLS;4994.0;2
61300;Paris;Charlie;BANANAS;SEASHELLS;4992.0;1
62300;Paris;Caesar;PEARLS;SEASHELLS;10004.0;1
62300;Paris;Charlie;BANANAS;SEASHELLS;4995.0;1
62400;Charlie;Pablo;BANANAS;SEASHELLS;4989.0;5
62500;Pablo;Charlie;BANANAS;SEASHELLS;4992.0;3
62500;Pablo;Camilla;BANANAS;SEASHELLS;4992.0;2
62600;Charlie;Paris;BANANAS;SEASHELLS;4988.0;1
62900;Charlie;Gary;BANANAS;SEASHELLS;4990.0;15
62900;Caesar;Gary;BANANAS;SEASHELLS;4990.0;1
63200;Camilla;Paris;PEARLS;SEASHELLS;9998.0;1
63200;Camilla;Paris;BANANAS;SEASHELLS;4991.0;1
63300;Paris;Charlie;BANANAS;SEASHELLS;4996.0;2
63300;Paris;Paris;PEARLS;SEASHELLS;9998.0;1
63500;Charlie;Gina;PEARLS;SEASHELLS;9998.0;6
63700;Caesar;Penelope;PEARLS;SEASHELLS;9996.0;1
64200;Charlie;Paris;BANANAS;SEASHELLS;4989.0;2
64200;Charlie;Paris;PEARLS;SEASHELLS;9995.0;2
64500;Paris;Charlie;PEARLS;SEASHELLS;10005.0;2
64500;Paris;Camilla;BANANAS;SEASHELLS;4994.0;1
64500;Paris;Camilla;PEARLS;SEASHELLS;10002.0;1
64500;Paris;Charlie;BANANAS;SEASHELLS;4994.0;1
64900;Penelope;Charlie;PEARLS;SEASHELLS;10005.0;2
65300;Caesar;Penelope;PEARLS;SEASHELLS;10000.0;2
65300;Caesar;Paris;PEARLS;SEASHELLS;9998.0;1
65400;Caesar;Paris;BANANAS;SEASHELLS;4987.0;1
65500;Charlie;Paris;PEARLS;SEASHELLS;9998.0;1
65600;Charlie;Paris;BANANAS;SEASHELLS;4986.0;1
65600;Charlie;Paris;PEARLS;SEASHELLS;9995.0;1
65800;Caesar;Paris;PEARLS;SEASHELLS;9996.0;1
65800;Charlie;Paris;BANANAS;SEASHELLS;4986.0;1
65900;Charlie;Paris;PEARLS;SEASHELLS;9998.0;1
66000;Camilla;Paris;PEARLS;SEASHELLS;9998.0;1
66700;Charlie;Pablo;PEARLS;SEASHELLS;9998.0;2
67000;Caesar;Paris;BANANAS;SEASHELLS;4985.0;1
67200;Paris;Camilla;BANANAS;SEASHELLS;4989.0;1
67400;Charlie;Paris;BANANAS;SEASHELLS;4983.0;2
67400;Caesar;Paris;PEARLS;SEASHELLS;9996.0;1
67500;Caesar;Penelope;BANANAS;SEASHELLS;4984.0;2
67500;Charlie;Penelope;BANANAS;SEASHELLS;4984.0;6
67900;Camilla;Paris;PEARLS;SEASHELLS;9998.0;2
67900;Camilla;Paris;BANANAS;SEASHELLS;4984.0;2
67900;Charlie;Caesar;BANANAS;SEASHELLS;4986.0;1
68000;Pablo;Charlie;PEARLS;SEASHELLS;10002.0;5
68000;Gina;Paris;BANANAS;SEASHELLS;4984.0;1
68000;Penelope;Charlie;PEARLS;SEASHELLS;10005.0;3
68100;Pablo;Camilla;PEARLS;SEASHELLS;10002.0;1
68200;Paris;Charlie;BANANAS;SEASHELLS;4989.0;1
68300;Charlie;Paris;BANANAS;SEASHELLS;4983.0;1
68500;Gary;Caesar;BANANAS;SEASHELLS;4990.0;2
68500;Paris;Charlie;PEARLS;SEASHELLS;10002.0;1
68500;Gary;Charlie;BANANAS;SEASHELLS;4990.0;10
68800;Charlie;Gina;BANANAS;SEASHELLS;4985.0;9
68900;Paris;Charlie;BANANAS;SEASHELLS;4989.0;1
68900;Pablo;Charlie;PEARLS;SEASHELLS;10002.0;1
69300;Paris;Charlie;PEARLS;SEASHELLS;10005.0;2
69300;Paris;Charlie;BANANAS;SEASHELLS;4990.0;2
69400;Paris;Charlie;BANANAS;SEASHELLS;4989.0;1
69600;Charlie;Pablo;BANANAS;SEASHELLS;4985.0;2
70400;Charlie;Paris;BANANAS;SEASHELLS;4980.0;1
70500;Charlie;Penelope;BANANAS;SEASHELLS;4979.0;3
70700;Charlie;Gina;BANANAS;SEASHELLS;4980.0;10
71400;Charlie;Paris;BANANAS;SEASHELLS;4980.0;1
71600;Charlie;Gary;PEARLS;SEASHELLS;9995.0;10
73400;Charlie;Pablo;BANANAS;SEASHELLS;4982.0;1
73700;Penelope;Charlie;BANANAS;SEASHELLS;4987.0;9
73900;Charlie;Paris;BANANAS;SEASHELLS;4980.0;1
74100;Paris;Charlie;PEARLS;SEASHELLS;10002.0;1
74200;Paris;Camilla;BANANAS;SEASHELLS;4984.0;1
74300;Pablo;Charlie;BANANAS;SEASHELLS;4983.0;1
74400;Paris;Caesar;PEARLS;SEASHELLS;10004.0;1
74400;Paris;Charlie;BANANAS;SEASHELLS;4985.0;2
74900;Paris;Charlie;PEARLS;SEASHELLS;10002.0;1
75200;Charlie;Paris;BANANAS;SEASHELLS;4978.0;1
75200;Caesar;Paris;PEARLS;SEASHELLS;9996.0;1
75300;Pablo;Caesar;BANANAS;SEASHELLS;4983.0;3
75500;Charlie;Paris;BANANAS;SEASHELLS;4979.0;1
76200;Charlie;Penelope;BANANAS;SEASHELLS;4979.0;6
76200;Camilla;Penelope;BANANAS;SEASHELLS;4979.0;5
76400;Caesar;Penelope;BANANAS;SEASHELLS;4978.0;1
76400;Paris;Caesar;PEARLS;SEASHELLS;10002.0;1
76400;Caesar;Paris;BANANAS;SEASHELLS;4978.0;1
76400;Charlie;Penelope;BANANAS;SEASHELLS;4978.0;7
77700;Camilla;Pablo;PEARLS;SEASHELLS;9998.0;5
77800;Paris;Charlie;BANANAS;SEASHELLS;4981.0;1
78000;Pablo;Charlie;PEARLS;SEASHELLS;10002.0;2
78100;Paris;Charlie;BANANAS;SEASHELLS;4979.0;1
78300;Charlie;Paris;PEARLS;SEASHELLS;9995.0;2
78300;Charlie;Paris;BANANAS;SEASHELLS;4974.0;2
78400;Camilla;Penelope;BANANAS;SEASHELLS;4976.0;1
78400;Charlie;Penelope;BANANAS;SEASHELLS;4976.0;7
78800;Charlie;Paris;BANANAS;SEASHELLS;4974.0;1
78800;Penelope;Charlie;BANANAS;SEASHELLS;4981.0;10
79000;Paris;Charlie;PEARLS;SEASHELLS;10005.0;2
79000;Gary;Caesar;PEARLS;SEASHELLS;10004.0;1
79000;Paris;Charlie;BANANAS;SEASHELLS;4981.0;2
79500;Charlie;Gary;BANANAS;SEASHELLS;4975.0;20
79500;Paris;Charlie;PEARLS;SEASHELLS;10002.0;1
80100;Paris;Camilla;BANANAS;SEASHELLS;4979.0;1
80300;Paris;Charlie;PEARLS;SEASHELLS;10002.0;1
80500;Caesar;Paris;BANANAS;SEASHELLS;4973.0;1
80800;Paris;Camilla;PEARLS;SEASHELLS;10002.0;1
80900;Caesar;Paris;BANANAS;SEASHELLS;4973.0;1
81300;Paris;Camilla;BANANAS;SEASHELLS;4978.0;1
81300;Charlie;Pablo;PEARLS;SEASHELLS;9998.0;1
81700;Paris;Camilla;PEARLS;SEASHELLS;10002.0;1
81800;Camilla;Paris;PEARLS;SEASHELLS;9998.0;1
81800;Camilla;Paris;BANANAS;SEASHELLS;4973.0;1
82000;Pablo;Charlie;BANANAS;SEASHELLS;4976.0;5
82100;Charlie;Paris;BANANAS;SEASHELLS;4972.0;1
82300;Gary;Caesar;PEARLS;SEASHELLS;10004.0;1
82600;Camilla;Paris;BANANAS;SEASHELLS;4972.0;1
83200;Caesar;Paris;PEARLS;SEASHELLS;9996.0;1
83200;Charlie;Paris;BANANAS;SEASHELLS;4972.0;2
83200;Charlie;Paris;PEARLS;SEASHELLS;9996.0;1
83300;Charlie;Penelope;BANANAS;SEASHELLS;4972.0;11
83600;Charlie;Penelope;BANANAS;SEASHELLS;4972.0;8
83700;Penelope;Caesar;PEARLS;SEASHELLS;10004.0;1
84200;Charlie;Penelope;BANANAS;SEASHELLS;4972.0;8
84200;Paris;Camilla;BANANAS;SEASHELLS;4977.0;1
84200;Caesar;Penelope;BANANAS;SEASHELLS;4972.0;2
84500;Charlie;Penelope;BANANAS;SEASHELLS;4972.0;2
84600;Paris;Charlie;BANANAS;SEASHELLS;4979.0;2
84600;Paris;Caesar;PEARLS;SEASHELLS;10004.0;2
84700;Paris;Charlie;BANANAS;SEASHELLS;4978.0;1
85000;Charlie;Pablo;PEARLS;SEASHELLS;9998.0;5
85200;Charlie;Pablo;BANANAS;SEASHELLS;4973.0;3
85700;Charlie;Paris;PEARLS;SEASHELLS;9995.0;2
85700;Penelope;Charlie;PEARLS;SEASHELLS;10005.0;4
85700;Charlie;Penelope;BANANAS;SEASHELLS;4972.0;8
85700;Charlie;Paris;BANANAS;SEASHELLS;4972.0;2
85800;Charlie;Gary;BANANAS;SEASHELLS;4974.0;13
85800;Camilla;Gary;BANANAS;SEASHELLS;4974.0;7
85900;Camilla;Paris;BANANAS;SEASHELLS;4974.0;1
85900;Camilla;Penelope;PEARLS;SEASHELLS;9998.0;2
86000;Paris;Camilla;BANANAS;SEASHELLS;4978.0;1
86000;Caesar;Paris;BANANAS;SEASHELLS;4974.0;1
86000;Paris;Camilla;PEARLS;SEASHELLS;10002.0;1
86200;Charlie;Pablo;BANANAS;SEASHELLS;4976.0;2
86300;Charlie;Paris;BANANAS;SEASHELLS;4975.0;1
86300;Charlie;Paris;PEARLS;SEASHELLS;9998.0;1
86500;Paris;Charlie;PEARLS;SEASHELLS;10002.0;1
86700;Charlie;Gary;BANANAS;SEASHELLS;4975.0;14
87200;Camilla;Paris;BANANAS;SEASHELLS;4977.0;1
87400;Charlie;Gary;BANANAS;SEASHELLS;4975.0;13
87500;Charlie;Penelope;BANANAS;SEASHELLS;4976.0;9
87900;Pablo;Charlie;PEARLS;SEASHELLS;10002.0;4
87900;Gary;Charlie;BANANAS;SEASHELLS;4982.0;12
88200;Charlie;Pablo;BANANAS;SEASHELLS;4977.0;3
88300;Penelope;Caesar;PEARLS;SEASHELLS;10004.0;2
88500;Pablo;Charlie;PEARLS;SEASHELLS;10002.0;5
88600;Charlie;Paris;PEARLS;SEASHELLS;9998.0;1
88900;Paris;Camilla;BANANAS;SEASHELLS;4982.0;1
89100;Paris;Charlie;BANANAS;SEASHELLS;4983.0;1
90000;Charlie;Paris;BANANAS;SEASHELLS;4977.0;1
90100;Paris;Caesar;PEARLS;SEASHELLS;10004.0;1
90100;Paris;Charlie;BANANAS;SEASHELLS;4983.0;1
90700;Penelope;Camilla;PEARLS;SEASHELLS;10002.0;6
91000;Charlie;Paris;BANANAS;SEASHELLS;4977.0;1
91000;Charlie;Paris;PEARLS;SEASHELLS;9998.0;1
91400;Paris;Charlie;PEARLS;SEASHELLS;10002.0;1
91500;Charlie;Paris;BANANAS;SEASHELLS;4976.0;1
91900;Paris;Charlie;PEARLS;SEASHELLS;10002.0;1
91900;Charlie;Paris;BANANAS;SEASHELLS;4975.0;1
92300;Charlie;Paris;BANANAS;SEASHELLS;4976.0;1
92300;Caesar;Paris;PEARLS;SEASHELLS;9996.0;1
92300;Charlie;Pablo;BANANAS;SEASHELLS;4977.0;1
92500;Charlie;Paris;BANANAS;SEASHELLS;4975.0;1
92500;Charlie;Gina;BANANAS;SEASHELLS;4976.0;11
92600;Charlie;Paris;BANANAS;SEASHELLS;4976.0;1
93000;Paris;Gary;PEARLS;SEASHELLS;10002.0;1
93100;Charlie;Pablo;PEARLS;SEASHELLS;9998.0;1
93300;Camilla;Paris;BANANAS;SEASHELLS;4977.0;1
93300;Camilla;Paris;PEARLS;SEASHELLS;9998.0;1
93400;Pablo;Charlie;BANANAS;SEASHELLS;4980.0;5
93500;Charlie;Paris;PEARLS;SEASHELLS;9998.0;1
93700;Paris;Camilla;PEARLS;SEASHELLS;10002.0;1
93900;Charlie;Paris;PEARLS;SEASHELLS;9998.0;1
94100;Paris;Pablo;BANANAS;SEASHELLS;4976.0;1
94300;Charlie;Paris;BANANAS;SEASHELLS;4974.0;1
94400;Charlie;Paris;BANANAS;SEASHELLS;4974.0;1
94700;Caesar;Gary;PEARLS;SEASHELLS;9996.0;2
94700;Charlie;Gary;PEARLS;SEASHELLS;9996.0;9
94800;Pablo;Camilla;PEARLS;SEASHELLS;10002.0;4
95100;Caesar;Paris;BANANAS;SEASHELLS;4975.0;2
95100;Caesar;Paris;PEARLS;SEASHELLS;9996.0;2
95300;Caesar;Paris;BANANAS;SEASHELLS;4975.0;1
95300;Paris;Charlie;PEARLS;SEASHELLS;10002.0;1
95300;Charlie;Penelope;BANANAS;SEASHELLS;4974.0;2
95600;Pablo;Charlie;BANANAS;SEASHELLS;4979.0;2
95600;Paris;Charlie;BANANAS;SEASHELLS;4980.0;1
95800;Caesar;Paris;BANANAS;SEASHELLS;4976.0;1
95900;Penelope;Charlie;PEARLS;SEASHELLS;10002.0;3
95900;Paris;Camilla;BANANAS;SEASHELLS;4980.0;1
95900;Penelope;Camilla;PEARLS;SEASHELLS;10002.0;5
96100;Charlie;Paris;BANANAS;SEASHELLS;4975.0;1
96100;Charlie;Paris;PEARLS;SEASHELLS;9995.0;1
96200;Gina;Paris;BANANAS;SEASHELLS;4975.0;1
96200;Gina;Camilla;BANANAS;SEASHELLS;4980.0;6
96400;Pablo;Charlie;PEARLS;SEASHELLS;10002.0;3
96800;Paris;Charlie;BANANAS;SEASHELLS;4980.0;1
96900;Penelope;Charlie;PEARLS;SEASHELLS;10005.0;3
97200;Gary;Charlie;PEARLS;SEASHELLS;10005.0;12
97300;Paris;Caesar;PEARLS;SEASHELLS;10004.0;1
97300;Paris;Pablo;BANANAS;SEASHELLS;4975.0;1
97400;Camilla;Paris;PEARLS;SEASHELLS;9998.0;1
97600;Charlie;Paris;PEARLS;SEASHELLS;9998.0;1
97900;Pablo;Charlie;PEARLS;SEASHELLS;10002.0;4
98100;Paris;Caesar;BANANAS;SEASHELLS;4980.0;1
98100;Charlie;Caesar;BANANAS;SEASHELLS;4977.0;3
98100;Paris;Charlie;PEARLS;SEASHELLS;10002.0;1
98200;Charlie;Paris;BANANAS;SEASHELLS;4974.0;1
98300;Charlie;Penelope;BANANAS;SEASHELLS;4974.0;7
98300;Charlie;Paris;PEARLS;SEASHELLS;9998.0;1
98400;Charlie;Paris;BANANAS;SEASHELLS;4975.0;1
98400;Charlie;Caesar;BANANAS;SEASHELLS;4977.0;1
98800;Penelope;Caesar;BANANAS;SEASHELLS;4981.0;2
98800;Caesar;Paris;PEARLS;SEASHELLS;9996.0;1
98800;Penelope;Paris;BANANAS;SEASHELLS;4981.0;1
99000;Charlie;Paris;PEARLS;SEASHELLS;9998.0;1
99000;Charlie;Gina;BANANAS;SEASHELLS;4976.0;11
99500;Gary;Charlie;BANANAS;SEASHELLS;4982.0;19
100100;Gary;Paris;PEARLS;SEASHELLS;9998.0;1
100500;Camilla;Paris;PEARLS;SEASHELLS;9998.0;1
101800;Penelope;Camilla;BANANAS;SEASHELLS;4976.0;2
102200;Paris;Caesar;BANANAS;SEASHELLS;4978.0;2
102200;Paris;Caesar;PEARLS;SEASHELLS;10004.0;2
102300;Pablo;Camilla;PEARLS;SEASHELLS;10002.0;3
102300;Paris;Charlie;PEARLS;SEASHELLS;10002.0;1
102400;Charlie;Paris;BANANAS;SEASHELLS;4972.0;1
102500;Paris;Charlie;PEARLS;SEASHELLS;10002.0;1
102500;Paris;Caesar;BANANAS;SEASHELLS;4977.0;1
102900;Pablo;Charlie;BANANAS;SEASHELLS;4977.0;3
102900;Charlie;Paris;PEARLS;SEASHELLS;9998.0;1
102900;Gary;Charlie;BANANAS;SEASHELLS;4979.0;14
103100;Charlie;Paris;BANANAS;SEASHELLS;4972.0;2
103100;Charlie;Paris;PEARLS;SEASHELLS;9995.0;2
104000;Charlie;Paris;PEARLS;SEASHELLS;9998.0;1
104200;Charlie;Pablo;PEARLS;SEASHELLS;9998.0;2
104200;Paris;Pablo;PEARLS;SEASHELLS;9998.0;1
104300;Charlie;Pablo;PEARLS;SEASHELLS;9998.0;2
104400;Charlie;Paris;BANANAS;SEASHELLS;4970.0;2
104400;Charlie;Paris;PEARLS;SEASHELLS;9995.0;2
104400;Charlie;Paris;PEARLS;SEASHELLS;9998.0;1
104700;Paris;Camilla;PEARLS;SEASHELLS;10002.0;1
104700;Charlie;Paris;BANANAS;SEASHELLS;4971.0;1
104800;Caesar;Paris;BANANAS;SEASHELLS;4971.0;1
104900;Paris;Camilla;BANANAS;SEASHELLS;4976.0;1
105100;Paris;Charlie;PEARLS;SEASHELLS;10002.0;1
105200;Charlie;Paris;BANANAS;SEASHELLS;4970.0;1
105900;Penelope;Camilla;PEARLS;SEASHELLS;10002.0;5
106500;Penelope;Charlie;BANANAS;SEASHELLS;4976.0;11
106700;Charlie;Pablo;BANANAS;SEASHELLS;4971.0;4
106800;Paris;Gina;BANANAS;SEASHELLS;4971.0;2
106800;Charlie;Gina;BANANAS;SEASHELLS;4971.0;9
106800;Paris;Charlie;PEARLS;SEASHELLS;10005.0;2
107000;Charlie;Pablo;BANANAS;SEASHELLS;4971.0;1
107200;Charlie;Penelope;PEARLS;SEASHELLS;9995.0;4
107500;Gary;Camilla;BANANAS;SEASHELLS;4975.0;7
107500;Paris;Camilla;PEARLS;SEASHELLS;10002.0;2
107500;Paris;Charlie;BANANAS;SEASHELLS;4977.0;2
107700;Paris;Caesar;PEARLS;SEASHELLS;10004.0;2
107700;Paris;Caesar;BANANAS;SEASHELLS;4976.0;2
107800;Paris;Camilla;BANANAS;SEASHELLS;4975.0;1
108000;Camilla;Gary;PEARLS;SEASHELLS;9998.0;6
108000;Penelope;Charlie;BANANAS;SEASHELLS;4977.0;12
108000;Charlie;Gary;PEARLS;SEASHELLS;9998.0;5
108300;Charlie;Paris;PEARLS;SEASHELLS;9998.0;1
108400;Paris;Charlie;BANANAS;SEASHELLS;4975.0;1
108500;Penelope;Charlie;BANANAS;SEASHELLS;4977.0;11
108600;Paris;Charlie;PEARLS;SEASHELLS;10002.0;1
108700;Charlie;Gary;PEARLS;SEASHELLS;9995.0;10
108800;Charlie;Paris;BANANAS;SEASHELLS;4970.0;1
108900;Paris;Charlie;BANANAS;SEASHELLS;4977.0;1
108900;Paris;Caesar;PEARLS;SEASHELLS;10004.0;1
109100;Pablo;Camilla;PEARLS;SEASHELLS;10002.0;2
109400;Paris;Charlie;BANANAS;SEASHELLS;4975.0;1
109900;Paris;Charlie;PEARLS;SEASHELLS;10005.0;1
109900;Paris;Charlie;BANANAS;SEASHELLS;4976.0;1
110000;Penelope;Camilla;BANANAS;SEASHELLS;4974.0;4
110400;Charlie;Penelope;BANANAS;SEASHELLS;4969.0;9
111300;Charlie;Paris;PEARLS;SEASHELLS;9995.0;1
111300;Charlie;Paris;BANANAS;SEASHELLS;4970.0;1
111600;Caesar;Penelope;PEARLS;SEASHELLS;9996.0;2
112000;Paris;Camilla;PEARLS;SEASHELLS;10002.0;1
112200;Paris;Camilla;PEARLS;SEASHELLS;10002.0;1
112300;Camilla;Paris;BANANAS;SEASHELLS;4972.0;1
112400;Paris;Camilla;BANANAS;SEASHELLS;4977.0;1
112500;Pablo;Paris;BANANAS;SEASHELLS;4976.0;1
112500;Paris;Charlie;PEARLS;SEASHELLS;10002.0;1
113100;Paris;Charlie;BANANAS;SEASHELLS;4977.0;1
113200;Pablo;Paris;BANANAS;SEASHELLS;4976.0;1
113300;Pablo;Charlie;BANANAS;SEASHELLS;4976.0;1
113400;Paris;Caesar;PEARLS;SEASHELLS;10004.0;1
113400;Paris;Caesar;BANANAS;SEASHELLS;4978.0;1
113700;Paris;Charlie;BANANAS;SEASHELLS;4978.0;1
113800;Caesar;Paris;PEARLS;SEASHELLS;9996.0;1
113800;Charlie;Paris;BANANAS;SEASHELLS;4973.0;1
113900;Gina;Paris;BANANAS;SEASHELLS;4972.0;1
114300;Charlie;Paris;BANANAS;SEASHELLS;4972.0;1
114700;Gary;Charlie;PEARLS;SEASHELLS;10005.0;12
114700;Charlie;Penelope;PEARLS;SEASHELLS;9995.0;4
115000;Charlie;Paris;BANANAS;SEASHELLS;4973.0;1
115200;Charlie;Paris;BANANAS;SEASHELLS;4973.0;1
115300;Paris;Camilla;BANANAS;SEASHELLS;4978.0;1
115400;Charlie;Caesar;BANANAS;SEASHELLS;4974.0;6
115600;Camilla;Paris;PEARLS;SEASHELLS;9998.0;1
115800;Paris;Gary;BANANAS;SEASHELLS;4977.0;1
115800;Charlie;Paris;PEARLS;SEASHELLS;9998.0;1
116700;Paris;Charlie;BANANAS;SEASHELLS;4976.0;1
117700;Paris;Camilla;BANANAS;SEASHELLS;4977.0;1
118000;Charlie;Paris;BANANAS;SEASHELLS;4972.0;1
118000;Charlie;Paris;PEARLS;SEASHELLS;9995.0;1
118200;Gary;Gina;BANANAS;SEASHELLS;4973.0;7
118600;Charlie;Paris;BANANAS;SEASHELLS;4971.0;1
119300;Paris;Camilla;PEARLS;SEASHELLS;10002.0;1
119300;Paris;Camilla;BANANAS;SEASHELLS;4976.0;1
119400;Charlie;Penelope;BANANAS;SEASHELLS;4971.0;8
119500;Camilla;Paris;BANANAS;SEASHELLS;4972.0;1
119700;Caesar;Paris;BANANAS;SEASHELLS;4972.0;1
120200;Paris;Camilla;PEARLS;SEASHELLS;10002.0;1
120500;Charlie;Pablo;PEARLS;SEASHELLS;9998.0;3
120700;Charlie;Paris;BANANAS;SEASHELLS;4970.0;1
120800;Caesar;Paris;PEARLS;SEASHELLS;10000.0;2
120800;Paris;Paris;BANANAS;SEASHELLS;4975.0;1
120900;Charlie;Paris;PEARLS;SEASHELLS;9998.0;1
121800;Gina;Pablo;PEARLS;SEASHELLS;9998.0;2
122300;Penelope;Charlie;PEARLS;SEASHELLS;10004.0;3
122300;Penelope;Caesar;PEARLS;SEASHELLS;10004.0;2
122700;Charlie;Paris;BANANAS;SEASHELLS;4970.0;1
123000;Charlie;Paris;PEARLS;SEASHELLS;9998.0;1
123000;Charlie;Paris;BANANAS;SEASHELLS;4972.0;1
123100;Caesar;Penelope;BANANAS;SEASHELLS;4975.0;5
123100;Caesar;Paris;BANANAS;SEASHELLS;4972.0;1
123200;Paris;Camilla;BANANAS;SEASHELLS;4977.0;1
124000;Penelope;Charlie;BANANAS;SEASHELLS;4977.0;7
124000;Penelope;Caesar;BANANAS;SEASHELLS;4977.0;1
124000;Paris;Charlie;BANANAS;SEASHELLS;4976.0;1
124200;Penelope;Charlie;BANANAS;SEASHELLS;4977.0;7
124400;Paris;Charlie;PEARLS;SEASHELLS;10002.0;1
124500;Charlie;Penelope;PEARLS;SEASHELLS;9995.0;5
124700;Charlie;Pablo;PEARLS;SEASHELLS;9998.0;1
124900;Paris;Camilla;PEARLS;SEASHELLS;10002.0;2
124900;Paris;Camilla;BANANAS;SEASHELLS;4975.0;2
125100;Charlie;Paris;PEARLS;SEASHELLS;9998.0;1
125100;Caesar;Paris;BANANAS;SEASHELLS;4970.0;1
125200;Paris;Pablo;BANANAS;SEASHELLS;4971.0;1
125200;Paris;Caesar;PEARLS;SEASHELLS;10004.0;1
125300;Paris;Charlie;BANANAS;SEASHELLS;4976.0;2
125300;Paris;Charlie;PEARLS;SEASHELLS;10005.0;2
125400;Charlie;Paris;BANANAS;SEASHELLS;4970.0;2
125400;Caesar;Paris;PEARLS;SEASHELLS;9996.0;2
126400;Caesar;Penelope;PEARLS;SEASHELLS;9996.0;1
126400;Charlie;Penelope;PEARLS;SEASHELLS;9996.0;3
126500;Camilla;Penelope;PEARLS;SEASHELLS;9998.0;4
126700;Gina;Camilla;BANANAS;SEASHELLS;4977.0;7
127000;Charlie;Gary;PEARLS;SEASHELLS;9995.0;12
127200;Pablo;Camilla;PEARLS;SEASHELLS;10002.0;2
127300;Charlie;Paris;BANANAS;SEASHELLS;4973.0;1
127400;Paris;Charlie;PEARLS;SEASHELLS;10002.0;1
127600;Charlie;Paris;BANANAS;SEASHELLS;4973.0;1
127800;Penelope;Caesar;PEARLS;SEASHELLS;10004.0;2
127900;Paris;Camilla;PEARLS;SEASHELLS;10002.0;1
128000;Penelope;Charlie;BANANAS;SEASHELLS;4980.0;5
128000;Penelope;Caesar;BANANAS;SEASHELLS;4980.0;2
129200;Charlie;Paris;PEARLS;SEASHELLS;9995.0;2
129200;Charlie;Paris;BANANAS;SEASHELLS;4972.0;2
129500;Penelope;Caesar;BANANAS;SEASHELLS;4980.0;1
129700;Charlie;Gary;BANANAS;SEASHELLS;4973.0;13
129700;Charlie;Paris;BANANAS;SEASHELLS;4973.0;1
129700;Charlie;Paris;PEARLS;SEASHELLS;9995.0;1
129800;Charlie;Paris;BANANAS;SEASHELLS;4974.0;1
130100;Pablo;Charlie;PEARLS;SEASHELLS;10002.0;4
130100;Pablo;Paris;PEARLS;SEASHELLS;10002.0;1
130200;Pablo;Paris;BANANAS;SEASHELLS;4979.0;1
130300;Penelope;Pablo;PEARLS;SEASHELLS;9998.0;3
130300;Charlie;Paris;BANANAS;SEASHELLS;4975.0;1
130400;Charlie;Paris;BANANAS;SEASHELLS;4975.0;1
130500;Pablo;Charlie;BANANAS;SEASHELLS;4980.0;3
130500;Charlie;Pablo;PEARLS;SEASHELLS;9998.0;3
131100;Caesar;Paris;BANANAS;SEASHELLS;4976.0;1
131200;Paris;Pablo;PEARLS;SEASHELLS;9998.0;1
131400;Penelope;Pablo;PEARLS;SEASHELLS;9998.0;3
131600;Camilla;Pablo;PEARLS;SEASHELLS;9998.0;1
132000;Paris;Charlie;BANANAS;SEASHELLS;4984.0;1
132000;Paris;Caesar;PEARLS;SEASHELLS;10004.0;1
132100;Camilla;Pablo;PEARLS;SEASHELLS;9998.0;5
132300;Caesar;Paris;PEARLS;SEASHELLS;10000.0;1
132300;Charlie;Paris;BANANAS;SEASHELLS;4977.0;1
132700;Gary;Charlie;PEARLS;SEASHELLS;10004.0;9
132700;Gary;Caesar;PEARLS;SEASHELLS;10004.0;1
133400;Paris;Caesar;PEARLS;SEASHELLS;10004.0;1
133400;Paris;Charlie;BANANAS;SEASHELLS;4983.0;1
133700;Paris;Caesar;PEARLS;SEASHELLS;10004.0;1
133700;Paris;Charlie;BANANAS;SEASHELLS;4981.0;1
134200;Gina;Charlie;BANANAS;SEASHELLS;4981.0;10
134700;Paris;Caesar;PEARLS;SEASHELLS;10004.0;1
134700;Paris;Pablo;BANANAS;SEASHELLS;4977.0;1
134700;Charlie;Pablo;BANANAS;SEASHELLS;4977.0;4
134800;Gary;Caesar;PEARLS;SEASHELLS;10004.0;2
134900;Paris;Camilla;PEARLS;SEASHELLS;10002.0;1
135300;Charlie;Paris;BANANAS;SEASHELLS;4976.0;1
135400;Charlie;Penelope;BANANAS;SEASHELLS;4976.0;11
135600;Charlie;Paris;BANANAS;SEASHELLS;4977.0;1
136500;Paris;Charlie;BANANAS;SEASHELLS;4985.0;2
136500;Paris;Charlie;PEARLS;SEASHELLS;10005.0;2
136500;Charlie;Paris;BANANAS;SEASHELLS;4978.0;1
136800;Charlie;Pablo;PEARLS;SEASHELLS;9998.0;2
136900;Charlie;Paris;BANANAS;SEASHELLS;4978.0;1
137500;Paris;Camilla;BANANAS;SEASHELLS;4984.0;1
137700;Penelope;Caesar;PEARLS;SEASHELLS;10004.0;1
138100;Pablo;Charlie;BANANAS;SEASHELLS;4982.0;2
139100;Charlie;Pablo;PEARLS;SEASHELLS;9998.0;5
139400;Caesar;Penelope;PEARLS;SEASHELLS;9996.0;1
139400;Charlie;Penelope;PEARLS;SEASHELLS;9996.0;2
139900;Charlie;Penelope;BANANAS;SEASHELLS;4975.0;7
140000;Camilla;Gary;BANANAS;SEASHELLS;4976.0;1
140100;Charlie;Pablo;BANANAS;SEASHELLS;4977.0;5
140700;Paris;Caesar;BANANAS;SEASHELLS;4981.0;1
140700;Camilla;Pablo;PEARLS;SEASHELLS;9998.0;2
140800;Charlie;Paris;BANANAS;SEASHELLS;4976.0;1
141100;Charlie;Paris;PEARLS;SEASHELLS;9998.0;1
141100;Gina;Charlie;BANANAS;SEASHELLS;4980.0;12
141400;Paris;Charlie;BANANAS;SEASHELLS;4981.0;1
141600;Paris;Charlie;BANANAS;SEASHELLS;4981.0;1
141900;Charlie;Pablo;BANANAS;SEASHELLS;4977.0;2
142000;Caesar;Penelope;PEARLS;SEASHELLS;9996.0;1
142400;Paris;Charlie;BANANAS;SEASHELLS;4982.0;1
142400;Paris;Caesar;PEARLS;SEASHELLS;10004.0;1
142800;Paris;Charlie;BANANAS;SEASHELLS;4982.0;1
142900;Penelope;Charlie;BANANAS;SEASHELLS;4983.0;12
143100;Charlie;Paris;BANANAS;SEASHELLS;4976.0;2
143100;Charlie;Paris;PEARLS;SEASHELLS;9995.0;2
143200;Charlie;Paris;BANANAS;SEASHELLS;4976.0;1
143200;Charlie;Paris;PEARLS;SEASHELLS;9995.0;1
143200;Charlie;Paris;PEARLS;SEASHELLS;9998.0;1
143300;Charlie;Paris;BANANAS;SEASHELLS;4976.0;1
143800;Camilla;Paris;PEARLS;SEASHELLS;9998.0;1
143800;Camilla;Paris;BANANAS;SEASHELLS;4975.0;1
144100;Pablo;Charlie;PEARLS;SEASHELLS;10002.0;1
144200;Paris;Caesar;BANANAS;SEASHELLS;4979.0;1
144200;Paris;Caesar;PEARLS;SEASHELLS;10004.0;1
144600;Camilla;Pablo;PEARLS;SEASHELLS;9998.0;3
144800;Paris;Charlie;BANANAS;SEASHELLS;4978.0;1
144900;Paris;Charlie;PEARLS;SEASHELLS;10002.0;1
145800;Charlie;Pablo;PEARLS;SEASHELLS;9998.0;3
145800;Paris;Camilla;BANANAS;SEASHELLS;4978.0;1
145900;Paris;Penelope;BANANAS;SEASHELLS;4978.0;1
145900;Paris;Caesar;PEARLS;SEASHELLS;10004.0;1
146300;Paris;Charlie;PEARLS;SEASHELLS;10005.0;2
146300;Paris;Charlie;BANANAS;SEASHELLS;4980.0;2
146700;Penelope;Charlie;PEARLS;SEASHELLS;10005.0;5
146900;Charlie;Paris;BANANAS;SEASHELLS;4973.0;1
146900;Gary;Caesar;PEARLS;SEASHELLS;10004.0;2
146900;Gary;Charlie;PEARLS;SEASHELLS;10004.0;8
147300;Charlie;Penelope;BANANAS;SEASHELLS;4973.0;10
147400;Charlie;Paris;PEARLS;SEASHELLS;9995.0;1
147400;Charlie;Paris;BANANAS;SEASHELLS;4973.0;1
147800;Paris;Charlie;BANANAS;SEASHELLS;4977.0;1
147800;Charlie;Paris;PEARLS;SEASHELLS;9998.0;1
148000;Caesar;Paris;PEARLS;SEASHELLS;10000.0;1
148000;Caesar;Paris;PEARLS;SEASHELLS;9998.0;1
148000;Caesar;Paris;BANANAS;SEASHELLS;4974.0;1
148200;Charlie;Paris;PEARLS;SEASHELLS;9995.0;2
148200;Paris;Paris;BANANAS;SEASHELLS;4976.0;1
148500;Paris;Charlie;BANANAS;SEASHELLS;4976.0;1
148700;Charlie;Paris;BANANAS;SEASHELLS;4971.0;1
150000;Caesar;Paris;BANANAS;SEASHELLS;4969.0;1
150100;Paris;Charlie;BANANAS;SEASHELLS;4975.0;1
150100;Paris;Caesar;PEARLS;SEASHELLS;10004.0;1
150300;Caesar;Paris;PEARLS;SEASHELLS;9996.0;1
150300;Charlie;Paris;BANANAS;SEASHELLS;4970.0;1
151200;Penelope;Charlie;BANANAS;SEASHELLS;4979.0;6
151400;Camilla;Paris;BANANAS;SEASHELLS;4973.0;1
151400;Paris;Charlie;PEARLS;SEASHELLS;10002.0;1
151500;Charlie;Pablo;BANANAS;SEASHELLS;4974.0;1
151900;Charlie;Paris;BANANAS;SEASHELLS;4974.0;1
152000;Paris;Caesar;BANANAS;SEASHELLS;4980.0;1
152000;Gina;Camilla;PEARLS;SEASHELLS;10002.0;6
152100;Paris;Caesar;BANANAS;SEASHELLS;4981.0;2
152100;Paris;Caesar;PEARLS;SEASHELLS;10004.0;2
152300;Caesar;Paris;BANANAS;SEASHELLS;4975.0;1
152500;Charlie;Caesar;BANANAS;SEASHELLS;4977.0;3
153000;Charlie;Penelope;BANANAS;SEASHELLS;4973.0;9
153200;Charlie;Penelope;PEARLS;SEASHELLS;9995.0;5
153500;Paris;Camilla;BANANAS;SEASHELLS;4978.0;1
153500;Paris;Camilla;PEARLS;SEASHELLS;10002.0;1
153600;Charlie;Paris;BANANAS;SEASHELLS;4973.0;1
153700;Charlie;Paris;PEARLS;SEASHELLS;9998.0;1
153900;Camilla;Paris;BANANAS;SEASHELLS;4974.0;1
153900;Camilla;Penelope;BANANAS;SEASHELLS;4974.0;2
154100;Camilla;Pablo;PEARLS;SEASHELLS;9998.0;2
154400;Pablo;Charlie;PEARLS;SEASHELLS;10002.0;2
154600;Paris;Penelope;PEARLS;SEASHELLS;10002.0;1
154700;Charlie;Paris;BANANAS;SEASHELLS;4974.0;1
154800;Charlie;Paris;BANANAS;SEASHELLS;4974.0;1
155200;Paris;Charlie;PEARLS;SEASHELLS;10002.0;1
155600;Paris;Charlie;BANANAS;SEASHELLS;4981.0;1
155600;Paris;Paris;PEARLS;SEASHELLS;9998.0;1
155700;Paris;Charlie;PEARLS;SEASHELLS;10002.0;1
156300;Penelope;Charlie;BANANAS;SEASHELLS;4982.0;5
156500;Paris;Camilla;PEARLS;SEASHELLS;10002.0;1
156600;Gary;Charlie;BANANAS;SEASHELLS;4983.0;16
156700;Paris;Charlie;BANANAS;SEASHELLS;4983.0;2
156700;Paris;Caesar;PEARLS;SEASHELLS;10004.0;2
157400;Charlie;Paris;BANANAS;SEASHELLS;4975.0;1
157400;Paris;Paris;PEARLS;SEASHELLS;10002.0;1
157700;Paris;Charlie;BANANAS;SEASHELLS;4982.0;1
157700;Paris;Caesar;PEARLS;SEASHELLS;10004.0;1
157900;Paris;Charlie;BANANAS;SEASHELLS;4981.0;2
157900;Paris;Charlie;PEARLS;SEASHELLS;10005.0;2
158000;Paris;Charlie;PEARLS;SEASHELLS;10002.0;1
158000;Charlie;Paris;BANANAS;SEASHELLS;4974.0;1
158200;Camilla;Penelope;PEARLS;SEASHELLS;9998.0;8
158300;Paris;Charlie;PEARLS;SEASHELLS;10002.0;1
158300;Charlie;Paris;BANANAS;SEASHELLS;4974.0;1
158500;Caesar;Paris;BANANAS;SEASHELLS;4975.0;1
158900;Gina;Charlie;BANANAS;SEASHELLS;4980.0;12
159200;Camilla;Paris;PEARLS;SEASHELLS;9998.0;2
159200;Camilla;Gina;BANANAS;SEASHELLS;4975.0;4
159200;Charlie;Paris;BANANAS;SEASHELLS;4974.0;2
159400;Paris;Camilla;PEARLS;SEASHELLS;10002.0;1
159500;Camilla;Paris;BANANAS;SEASHELLS;4973.0;1
159900;Caesar;Paris;BANANAS;SEASHELLS;4977.0;2
159900;Caesar;Paris;PEARLS;SEASHELLS;9996.0;2
160200;Caesar;Paris;BANANAS;SEASHELLS;4975.0;1
160300;Paris;Camilla;BANANAS;SEASHELLS;4980.0;1
160400;Charlie;Paris;BANANAS;SEASHELLS;4974.0;1
160700;Charlie;Paris;BANANAS;SEASHELLS;4973.0;1
160800;Charlie;Penelope;BANANAS;SEASHELLS;4973.0;3
160900;Charlie;Gina;BANANAS;SEASHELLS;4974.0;13
161800;Charlie;Paris;BANANAS;SEASHELLS;4972.0;1
162000;Paris;Charlie;PEARLS;SEASHELLS;10005.0;2
162000;Paris;Charlie;BANANAS;SEASHELLS;4979.0;2
162100;Charlie;Penelope;BANANAS;SEASHELLS;4972.0;12
162300;Caesar;Paris;BANANAS;SEASHELLS;4975.0;2
162300;Pablo;Paris;PEARLS;SEASHELLS;10002.0;2
162400;Pablo;Paris;BANANAS;SEASHELLS;4976.0;1
162700;Caesar;Paris;PEARLS;SEASHELLS;9996.0;1
162700;Charlie;Paris;BANANAS;SEASHELLS;4973.0;1
162800;Charlie;Paris;PEARLS;SEASHELLS;9995.0;2
162800;Charlie;Paris;BANANAS;SEASHELLS;4973.0;2
163100;Paris;Camilla;BANANAS;SEASHELLS;4978.0;1
163300;Paris;Charlie;BANANAS;SEASHELLS;4979.0;1
163800;Gary;Caesar;BANANAS;SEASHELLS;4977.0;1
163900;Pablo;Charlie;PEARLS;SEASHELLS;10002.0;4
163900;Paris;Charlie;PEARLS;SEASHELLS;10002.0;1
163900;Pablo;Charlie;BANANAS;SEASHELLS;4978.0;5
164000;Caesar;Gary;PEARLS;SEASHELLS;10000.0;3
164600;Camilla;Paris;PEARLS;SEASHELLS;9998.0;1
164700;Caesar;Penelope;BANANAS;SEASHELLS;4973.0;2
164700;Charlie;Penelope;BANANAS;SEASHELLS;4973.0;7
164800;Paris;Pablo;PEARLS;SEASHELLS;9998.0;1
165000;Pablo;Charlie;PEARLS;SEASHELLS;10002.0;2
165300;Caesar;Penelope;PEARLS;SEASHELLS;9996.0;1
165300;Charlie;Penelope;PEARLS;SEASHELLS;9996.0;3
165700;Paris;Gina;BANANAS;SEASHELLS;4978.0;1
165900;Charlie;Pablo;BANANAS;SEASHELLS;4974.0;5
166100;Pablo;Camilla;PEARLS;SEASHELLS;10002.0;1
166300;Charlie;Gina;BANANAS;SEASHELLS;4973.0;13
166300;Paris;Charlie;PEARLS;SEASHELLS;10002.0;1
166400;Paris;Charlie;PEARLS;SEASHELLS;10002.0;1
166700;Paris;Paris;PEARLS;SEASHELLS;10002.0;1
166700;Gina;Paris;BANANAS;SEASHELLS;4973.0;1
166700;Gina;Paris;BANANAS;SEASHELLS;4978.0;1
167100;Camilla;Paris;BANANAS;SEASHELLS;4972.0;1
167100;Gary;Charlie;BANANAS;SEASHELLS;4978.0;13
167300;Paris;Charlie;PEARLS;SEASHELLS;10005.0;2
167300;Paris;Charlie;BANANAS;SEASHELLS;4979.0;2
168100;Paris;Charlie;PEARLS;SEASHELLS;10002.0;1
168200;Charlie;Paris;BANANAS;SEASHELLS;4973.0;1
168200;Charlie;Paris;PEARLS;SEASHELLS;9995.0;1
168700;Charlie;Gary;BANANAS;SEASHELLS;4975.0;11
168700;Camilla;Gary;BANANAS;SEASHELLS;4975.0;9
168900;Charlie;Pablo;PEARLS;SEASHELLS;9998.0;5
169200;Caesar;Paris;BANANAS;SEASHELLS;4974.0;1
169300;Pablo;Caesar;PEARLS;SEASHELLS;10002.0;1
169600;Paris;Charlie;BANANAS;SEASHELLS;4979.0;1
170000;Paris;Camilla;PEARLS;SEASHELLS;10002.0;2
170000;Paris;Camilla;BANANAS;SEASHELLS;4977.0;2
170000;Charlie;Paris;BANANAS;SEASHELLS;4972.0;1
170200;Paris;Caesar;PEARLS;SEASHELLS;10004.0;1
170200;Paris;Caesar;BANANAS;SEASHELLS;4977.0;1
170600;Caesar;Gina;BANANAS;SEASHELLS;4972.0;1
170800;Camilla;Pablo;BANANAS;SEASHELLS;4973.0;3
171100;Charlie;Gary;BANANAS;SEASHELLS;4973.0;18
171300;Paris;Camilla;BANANAS;SEASHELLS;4977.0;1
171400;Charlie;Paris;PEARLS;SEASHELLS;9998.0;1
171700;Paris;Caesar;PEARLS;SEASHELLS;10004.0;1
171700;Paris;Charlie;BANANAS;SEASHELLS;4978.0;1
172100;Paris;Gina;PEARLS;SEASHELLS;10002.0;1
172200;Paris;Charlie;PEARLS;SEASHELLS;10002.0;1
172300;Paris;Camilla;PEARLS;SEASHELLS;10002.0;1
172600;Paris;Charlie;PEARLS;SEASHELLS;10002.0;1
172700;Penelope;Caesar;PEARLS;SEASHELLS;10004.0;2
172800;Charlie;Pablo;BANANAS;SEASHELLS;4974.0;3
173100;Penelope;Charlie;PEARLS;SEASHELLS;10005.0;4
173600;Paris;Camilla;BANANAS;SEASHELLS;4978.0;1
173700;Charlie;Paris;PEARLS;SEASHELLS;9998.0;1
174100;Paris;Camilla;BANANAS;SEASHELLS;4978.0;1
174100;Charlie;Paris;PEARLS;SEASHELLS;9998.0;1
174900;Paris;Camilla;PEARLS;SEASHELLS;10002.0;1
174900;Paris;Camilla;BANANAS;SEASHELLS;4977.0;1
175200;Charlie;Paris;PEARLS;SEASHELLS;9998.0;1
175200;Caesar;Paris;PEARLS;SEASHELLS;9996.0;2
175200;Paris;Paris;BANANAS;SEASHELLS;4977.0;1
175500;Paris;Charlie;BANANAS;SEASHELLS;4978.0;1
175500;Paris;Caesar;PEARLS;SEASHELLS;10004.0;1
175600;Paris;Charlie;BANANAS;SEASHELLS;4977.0;1
176000;Caesar;Paris;BANANAS;SEASHELLS;4972.0;1
176100;Paris;Camilla;PEARLS;SEASHELLS;10002.0;1
176100;Paris;Camilla;BANANAS;SEASHELLS;4976.0;1
176500;Paris;Charlie;BANANAS;SEASHELLS;4979.0;2
176500;Paris;Caesar;PEARLS;SEASHELLS;10004.0;1
176900;Gary;Charlie;PEARLS;SEASHELLS;10005.0;9
177300;Charlie;Pablo;BANANAS;SEASHELLS;4973.0;3
177500;Charlie;Pablo;BANANAS;SEASHELLS;4975.0;4
177600;Penelope;Charlie;BANANAS;SEASHELLS;4980.0;12
177900;Gary;Charlie;BANANAS;SEASHELLS;4980.0;20
177900;Camilla;Gary;PEARLS;SEASHELLS;9998.0;3
178200;Paris;Charlie;BANANAS;SEASHELLS;4980.0;1
179600;Paris;Charlie;PEARLS;SEASHELLS;10002.0;1
180000;Caesar;Paris;BANANAS;SEASHELLS;4976.0;1
180300;Paris;Camilla;BANANAS;SEASHELLS;4981.0;1
180500;Charlie;Paris;BANANAS;SEASHELLS;4976.0;1
180900;Camilla;Pablo;PEARLS;SEASHELLS;9998.0;2
180900;Paris;Pablo;PEARLS;SEASHELLS;9998.0;1
181000;Paris;Camilla;PEARLS;SEASHELLS;10002.0;1
181400;Charlie;Paris;BANANAS;SEASHELLS;4977.0;1
181600;Caesar;Penelope;PEARLS;SEASHELLS;9996.0;1
181800;Paris;Charlie;BANANAS;SEASHELLS;4984.0;2
181800;Paris;Charlie;PEARLS;SEASHELLS;10005.0;2
182300;Charlie;Pablo;PEARLS;SEASHELLS;9998.0;3
182300;Camilla;Pablo;PEARLS;SEASHELLS;9998.0;1
182500;Paris;Charlie;PEARLS;SEASHELLS;10002.0;1
182700;Caesar;Penelope;PEARLS;SEASHELLS;9996.0;2
182700;Penelope;Charlie;BANANAS;SEASHELLS;4985.0;9
182800;Charlie;Penelope;BANANAS;SEASHELLS;4978.0;4
182900;Paris;Charlie;PEARLS;SEASHELLS;10002.0;1
183100;Pablo;Charlie;PEARLS;SEASHELLS;10002.0;1
183100;Charlie;Paris;BANANAS;SEASHELLS;4980.0;1
183400;Caesar;Paris;BANANAS;SEASHELLS;4979.0;1
183500;Pablo;Charlie;BANANAS;SEASHELLS;4983.0;4
183900;Paris;Charlie;PEARLS;SEASHELLS;10002.0;1
184200;Charlie;Paris;BANANAS;SEASHELLS;4979.0;1
184800;Caesar;Penelope;PEARLS;SEASHELLS;10000.0;2
185000;Charlie;Paris;PEARLS;SEASHELLS;9995.0;1
185000;Charlie;Paris;BANANAS;SEASHELLS;4977.0;1
186000;Charlie;Paris;PEARLS;SEASHELLS;9995.0;1
186000;Charlie;Paris;BANANAS;SEASHELLS;4978.0;1
186100;Charlie;Penelope;BANANAS;SEASHELLS;4978.0;4
186500;Caesar;Paris;BANANAS;SEASHELLS;4980.0;1
186500;Caesar;Paris;PEARLS;SEASHELLS;9996.0;1
186800;Charlie;Penelope;PEARLS;SEASHELLS;9995.0;6
186800;Charlie;Paris;BANANAS;SEASHELLS;4979.0;1
186800;Charlie;Paris;PEARLS;SEASHELLS;9995.0;1
186900;Gary;Charlie;BANANAS;SEASHELLS;4986.0;18
186900;Pablo;Charlie;PEARLS;SEASHELLS;10002.0;5
186900;Gary;Charlie;PEARLS;SEASHELLS;10004.0;9
186900;Gary;Caesar;PEARLS;SEASHELLS;10004.0;2
186900;Gina;Charlie;BANANAS;SEASHELLS;4984.0;8
187300;Paris;Camilla;BANANAS;SEASHELLS;4984.0;1
187300;Charlie;Pablo;PEARLS;SEASHELLS;9998.0;2
187400;Camilla;Gary;BANANAS;SEASHELLS;4980.0;7
187400;Charlie;Gary;BANANAS;SEASHELLS;4980.0;12
187600;Penelope;Charlie;BANANAS;SEASHELLS;4985.0;3
187700;Paris;Charlie;BANANAS;SEASHELLS;4983.0;1
188400;Camilla;Paris;BANANAS;SEASHELLS;4981.0;1
188500;Penelope;Charlie;BANANAS;SEASHELLS;4987.0;9
188700;Paris;Charlie;BANANAS;SEASHELLS;4986.0;1
188700;Paris;Charlie;PEARLS;SEASHELLS;10002.0;1
188900;Paris;Charlie;BANANAS;SEASHELLS;4986.0;1
189000;Paris;Charlie;PEARLS;SEASHELLS;10002.0;1
189300;Gina;Paris;BANANAS;SEASHELLS;4980.0;1
189400;Paris;Caesar;BANANAS;SEASHELLS;4985.0;1
189600;Gary;Charlie;BANANAS;SEASHELLS;4986.0;14
189700;Paris;Charlie;BANANAS;SEASHELLS;4987.0;1
189700;Paris;Charlie;PEARLS;SEASHELLS;10005.0;1
189900;Camilla;Paris;PEARLS;SEASHELLS;9998.0;1
190400;Penelope;Camilla;PEARLS;SEASHELLS;10002.0;4
190400;Penelope;Charlie;PEARLS;SEASHELLS;10002.0;1
191500;Caesar;Paris;BANANAS;SEASHELLS;4983.0;2
191500;Charlie;Paris;PEARLS;SEASHELLS;9995.0;2
191600;Caesar;Paris;BANANAS;SEASHELLS;4981.0;1
191600;Charlie;Pablo;PEARLS;SEASHELLS;9998.0;3
191900;Paris;Charlie;PEARLS;SEASHELLS;10002.0;1
193100;Camilla;Paris;BANANAS;SEASHELLS;4981.0;1
193400;Pablo;Charlie;PEARLS;SEASHELLS;10002.0;2
193600;Charlie;Paris;PEARLS;SEASHELLS;9995.0;2
193600;Charlie;Paris;BANANAS;SEASHELLS;4980.0;2
193900;Gary;Camilla;BANANAS;SEASHELLS;4986.0;6
194600;Paris;Pablo;PEARLS;SEASHELLS;9998.0;2
194600;Paris;Camilla;BANANAS;SEASHELLS;4985.0;2
194800;Paris;Camilla;BANANAS;SEASHELLS;4987.0;1
195700;Paris;Charlie;PEARLS;SEASHELLS;10002.0;1
196000;Paris;Camilla;BANANAS;SEASHELLS;4988.0;1
196100;Charlie;Paris;BANANAS;SEASHELLS;4983.0;1
196400;Charlie;Paris;BANANAS;SEASHELLS;4984.0;1
196600;Camilla;Paris;PEARLS;SEASHELLS;9998.0;1
196600;Paris;Charlie;BANANAS;SEASHELLS;4989.0;1
196700;Camilla;Paris;PEARLS;SEASHELLS;9998.0;2
196700;Camilla;Paris;BANANAS;SEASHELLS;4984.0;2
196800;Charlie;Pablo;PEARLS;SEASHELLS;9998.0;4
197100;Penelope;Charlie;BANANAS;SEASHELLS;4990.0;7
197100;Charlie;Pablo;PEARLS;SEASHELLS;9998.0;4
197200;Paris;Charlie;PEARLS;SEASHELLS;10002.0;1
197300;Paris;Caesar;PEARLS;SEASHELLS;10004.0;2
197300;Paris;Charlie;BANANAS;SEASHELLS;4990.0;2
197400;Charlie;Pablo;PEARLS;SEASHELLS;9998.0;4
197600;Charlie;Paris;PEARLS;SEASHELLS;9998.0;1
197900;Charlie;Pablo;PEARLS;SEASHELLS;9998.0;5
198000;Paris;Charlie;BANANAS;SEASHELLS;4991.0;1
198000;Paris;Caesar;PEARLS;SEASHELLS;10004.0;1
198100;Paris;Charlie;BANANAS;SEASHELLS;4990.0;1
198400;Charlie;Paris;BANANAS;SEASHELLS;4984.0;1
198700;Charlie;Pablo;PEARLS;SEASHELLS;9998.0;5
198900;Pablo;Charlie;BANANAS;SEASHELLS;4988.0;1
198900;Paris;Charlie;BANANAS;SEASHELLS;4989.0;1
199000;Caesar;Paris;PEARLS;SEASHELLS;9996.0;1
199000;Charlie;Paris;BANANAS;SEASHELLS;4984.0;1
199400;Paris;Camilla;BANANAS;SEASHELLS;4989.0;2
199400;Paris;Camilla;PEARLS;SEASHELLS;10002.0;2
200100;Caesar;Penelope;PEARLS;SEASHELLS;9996.0;1
200200;Pablo;Charlie;BANANAS;SEASHELLS;4989.0;5
200300;Charlie;Paris;BANANAS;SEASHELLS;4984.0;2
200300;Caesar;Paris;PEARLS;SEASHELLS;9996.0;1
200300;Charlie;Paris;PEARLS;SEASHELLS;9996.0;1
200400;Penelope;Charlie;PEARLS;SEASHELLS;10004.0;7
200400;Penelope;Caesar;PEARLS;SEASHELLS;10004.0;1
200500;Paris;Charlie;BANANAS;SEASHELLS;4991.0;2
200500;Paris;Caesar;PEARLS;SEASHELLS;10004.0;2
200600;Penelope;Camilla;PEARLS;SEASHELLS;10002.0;1
200600;Charlie;Paris;BANANAS;SEASHELLS;4985.0;2
200600;Penelope;Paris;PEARLS;SEASHELLS;10002.0;2
201000;Charlie;Penelope;BANANAS;SEASHELLS;4984.0;2
201700;Charlie;Penelope;PEARLS;SEASHELLS;9996.0;1
201700;Charlie;Gina;BANANAS;SEASHELLS;4986.0;9
201700;Caesar;Penelope;PEARLS;SEASHELLS;9996.0;2
201700;Charlie;Pablo;PEARLS;SEASHELLS;9998.0;1
201900;Charlie;Paris;PEARLS;SEASHELLS;9998.0;1
202100;Charlie;Gary;BANANAS;SEASHELLS;4986.0;20
202100;Paris;Caesar;BANANAS;SEASHELLS;4992.0;1
202400;Camilla;Paris;BANANAS;SEASHELLS;4987.0;1
202800;Charlie;Paris;PEARLS;SEASHELLS;9998.0;1
202900;Charlie;Paris;BANANAS;SEASHELLS;4987.0;2
202900;Caesar;Paris;PEARLS;SEASHELLS;9996.0;1
203300;Penelope;Charlie;BANANAS;SEASHELLS;4994.0;2
203500;Penelope;Charlie;BANANAS;SEASHELLS;4994.0;11
203800;Charlie;Paris;PEARLS;SEASHELLS;9998.0;1
203900;Paris;Camilla;BANANAS;SEASHELLS;4992.0;2
203900;Paris;Pablo;PEARLS;SEASHELLS;9998.0;2
204200;Paris;Camilla;PEARLS;SEASHELLS;10002.0;1
204400;Paris;Camilla;PEARLS;SEASHELLS;10002.0;1
204600;Caesar;Gary;PEARLS;SEASHELLS;10000.0;3
204700;Penelope;Charlie;BANANAS;SEASHELLS;4993.0;4
204800;Gina;Pablo;PEARLS;SEASHELLS;9998.0;4
204800;Gina;Paris;PEARLS;SEASHELLS;9998.0;1
204800;Gina;Camilla;PEARLS;SEASHELLS;10002.0;6
204900;Paris;Camilla;BANANAS;SEASHELLS;4992.0;1
205200;Caesar;Paris;PEARLS;SEASHELLS;9996.0;2
205200;Caesar;Paris;BANANAS;SEASHELLS;4989.0;2
205300;Paris;Caesar;PEARLS;SEASHELLS;10004.0;1
205300;Paris;Caesar;BANANAS;SEASHELLS;4995.0;1
205600;Charlie;Penelope;PEARLS;SEASHELLS;9995.0;8
205900;Camilla;Pablo;PEARLS;SEASHELLS;9998.0;1
206200;Charlie;Paris;PEARLS;SEASHELLS;9998.0;1
206200;Charlie;Pablo;BANANAS;SEASHELLS;4989.0;2
206400;Charlie;Paris;BANANAS;SEASHELLS;4988.0;1
206400;Charlie;Paris;PEARLS;SEASHELLS;9995.0;1
207100;Paris;Charlie;PEARLS;SEASHELLS;10005.0;2
207100;Paris;Charlie;BANANAS;SEASHELLS;4994.0;2
207200;Charlie;Paris;BANANAS;SEASHELLS;4987.0;1
207300;Camilla;Paris;BANANAS;SEASHELLS;4987.0;1
207300;Penelope;Charlie;BANANAS;SEASHELLS;4993.0;6
207700;Paris;Charlie;BANANAS;SEASHELLS;4992.0;1
207800;Gary;Pablo;PEARLS;SEASHELLS;9998.0;4
208000;Camilla;Paris;BANANAS;SEASHELLS;4987.0;1
208200;Paris;Charlie;BANANAS;SEASHELLS;4993.0;1
208400;Charlie;Paris;BANANAS;SEASHELLS;4987.0;1
208500;Charlie;Paris;PEARLS;SEASHELLS;9998.0;1
209000;Charlie;Pablo;BANANAS;SEASHELLS;4988.0;1
209000;Charlie;Pablo;PEARLS;SEASHELLS;9998.0;4
209300;Charlie;Paris;PEARLS;SEASHELLS;9995.0;1
209300;Charlie;Paris;BANANAS;SEASHELLS;4987.0;1
209600;Charlie;Paris;BANANAS;SEASHELLS;4987.0;1
209900;Charlie;Paris;BANANAS;SEASHELLS;4988.0;2
209900;Caesar;Paris;PEARLS;SEASHELLS;9996.0;2
210000;Charlie;Paris;PEARLS;SEASHELLS;9998.0;1
210000;Charlie;Penelope;PEARLS;SEASHELLS;9995.0;4
210400;Paris;Gina;PEARLS;SEASHELLS;10002.0;1
210700;Charlie;Penelope;BANANAS;SEASHELLS;4988.0;12
211000;Charlie;Pablo;BANANAS;SEASHELLS;4990.0;1
211300;Paris;Charlie;BANANAS;SEASHELLS;4995.0;1
211400;Camilla;Paris;BANANAS;SEASHELLS;4990.0;1
211900;Penelope;Charlie;BANANAS;SEASHELLS;4995.0;5
212500;Paris;Camilla;BANANAS;SEASHELLS;4995.0;1
212700;Caesar;Penelope;PEARLS;SEASHELLS;9996.0;2
212700;Charlie;Paris;BANANAS;SEASHELLS;4989.0;1
212800;Pablo;Charlie;PEARLS;SEASHELLS;10002.0;3
212900;Charlie;Pablo;PEARLS;SEASHELLS;9998.0;5
213100;Camilla;Pablo;PEARLS;SEASHELLS;9998.0;1
213100;Charlie;Pablo;PEARLS;SEASHELLS;9998.0;3
213200;Camilla;Pablo;BANANAS;SEASHELLS;4989.0;4
213400;Camilla;Pablo;PEARLS;SEASHELLS;9998.0;2
214400;Gary;Caesar;PEARLS;SEASHELLS;10004.0;2
214600;Camilla;Paris;PEARLS;SEASHELLS;9998.0;1
214700;Charlie;Paris;BANANAS;SEASHELLS;4986.0;1
214800;Gina;Charlie;BANANAS;SEASHELLS;4991.0;11
214900;Charlie;Paris;BANANAS;SEASHELLS;4986.0;1
215100;Paris;Charlie;PEARLS;SEASHELLS;10005.0;2
215100;Paris;Charlie;BANANAS;SEASHELLS;4992.0;2
215200;Gary;Pablo;BANANAS;SEASHELLS;4987.0;5
215200;Paris;Caesar;PEARLS;SEASHELLS;10002.0;1
216300;Gary;Caesar;BANANAS;SEASHELLS;4993.0;1
216500;Paris;Camilla;PEARLS;SEASHELLS;10002.0;1
216500;Caesar;Paris;BANANAS;SEASHELLS;4987.0;1
216700;Charlie;Paris;BANANAS;SEASHELLS;4987.0;1
216700;Charlie;Gary;BANANAS;SEASHELLS;4987.0;12
217100;Paris;Charlie;BANANAS;SEASHELLS;4992.0;1
217100;Paris;Caesar;PEARLS;SEASHELLS;10004.0;1
217500;Paris;Charlie;PEARLS;SEASHELLS;10002.0;1
217700;Charlie;Pablo;BANANAS;SEASHELLS;4987.0;5
217900;Charlie;Paris;BANANAS;SEASHELLS;4986.0;1
217900;Caesar;Paris;PEARLS;SEASHELLS;9996.0;1
218100;Charlie;Paris;PEARLS;SEASHELLS;9998.0;1
218300;Charlie;Gary;BANANAS;SEASHELLS;4986.0;19
218400;Paris;Caesar;BANANAS;SEASHELLS;4991.0;1
218400;Paris;Charlie;PEARLS;SEASHELLS;10005.0;1
218400;Paris;Caesar;BANANAS;SEASHELLS;4988.0;1
219600;Paris;Camilla;BANANAS;SEASHELLS;4990.0;1
219900;Paris;Camilla;BANANAS;SEASHELLS;4991.0;1
220100;Paris;Paris;BANANAS;SEASHELLS;4991.0;1
220100;Caesar;Paris;PEARLS;SEASHELLS;9996.0;1
220300;Paris;Paris;PEARLS;SEASHELLS;10002.0;1
220300;Charlie;Paris;BANANAS;SEASHELLS;4986.0;2
220800;Camilla;Paris;BANANAS;SEASHELLS;4986.0;1
220900;Pablo;Camilla;BANANAS;SEASHELLS;4989.0;2
221500;Paris;Charlie;BANANAS;SEASHELLS;4988.0;1
221700;Charlie;Paris;BANANAS;SEASHELLS;4983.0;1
222500;Paris;Paris;PEARLS;SEASHELLS;9998.0;1
222500;Paris;Charlie;BANANAS;SEASHELLS;4991.0;2
222600;Pablo;Paris;PEARLS;SEASHELLS;10002.0;1
222900;Penelope;Charlie;PEARLS;SEASHELLS;10005.0;8
223200;Pablo;Paris;BANANAS;SEASHELLS;4989.0;1
223200;Pablo;Charlie;PEARLS;SEASHELLS;10002.0;1
223400;Paris;Charlie;BANANAS;SEASHELLS;4989.0;1
223900;Pablo;Charlie;PEARLS;SEASHELLS;10002.0;3
224300;Paris;Caesar;PEARLS;SEASHELLS;10004.0;2
224300;Paris;Caesar;BANANAS;SEASHELLS;4990.0;2
224500;Paris;Charlie;BANANAS;SEASHELLS;4990.0;1
224500;Paris;Caesar;PEARLS;SEASHELLS;10004.0;1
224600;Charlie;Paris;BANANAS;SEASHELLS;4984.0;1
224800;Penelope;Charlie;PEARLS;SEASHELLS;10005.0;7
224900;Charlie;Paris;BANANAS;SEASHELLS;4984.0;1
225800;Charlie;Paris;BANANAS;SEASHELLS;4983.0;1
225900;Gary;Charlie;BANANAS;SEASHELLS;4990.0;14
226000;Charlie;Paris;PEARLS;SEASHELLS;9995.0;2
226000;Charlie;Paris;BANANAS;SEASHELLS;4983.0;2
226100;Paris;Charlie;BANANAS;SEASHELLS;4990.0;1
226100;Paris;Charlie;PEARLS;SEASHELLS;10005.0;1
226300;Charlie;Pablo;BANANAS;SEASHELLS;4984.0;3
226300;Paris;Camilla;PEARLS;SEASHELLS;10002.0;1
226500;Paris;Charlie;PEARLS;SEASHELLS;10002.0;1
226700;Charlie;Paris;BANANAS;SEASHELLS;4983.0;1
226800;Paris;Charlie;BANANAS;SEASHELLS;4989.0;1
227400;Camilla;Pablo;PEARLS;SEASHELLS;9998.0;5
227600;Charlie;Penelope;PEARLS;SEASHELLS;9998.0;3
227600;Camilla;Paris;PEARLS;SEASHELLS;9998.0;1
227600;Paris;Charlie;BANANAS;SEASHELLS;4989.0;1
227600;Camilla;Penelope;PEARLS;SEASHELLS;9998.0;3
227700;Paris;Caesar;PEARLS;SEASHELLS;10004.0;1
227700;Camilla;Pablo;PEARLS;SEASHELLS;9998.0;4
227700;Paris;Caesar;BANANAS;SEASHELLS;4989.0;1
227800;Charlie;Paris;BANANAS;SEASHELLS;4983.0;1
227900;Pablo;Charlie;BANANAS;SEASHELLS;4988.0;5
227900;Paris;Charlie;BANANAS;SEASHELLS;4989.0;1
228000;Pablo;Charlie;BANANAS;SEASHELLS;4987.0;3
228300;Camilla;Pablo;PEARLS;SEASHELLS;9998.0;4
228700;Camilla;Paris;PEARLS;SEASHELLS;9998.0;1
228800;Paris;Pablo;BANANAS;SEASHELLS;4986.0;1
229200;Penelope;Charlie;PEARLS;SEASHELLS;10005.0;8
229600;Penelope;Camilla;PEARLS;SEASHELLS;10002.0;4
229800;Pablo;Penelope;BANANAS;SEASHELLS;4992.0;2
230000;Paris;Charlie;PEARLS;SEASHELLS;10002.0;1
230400;Charlie;Paris;BANANAS;SEASHELLS;4987.0;1
230600;Charlie;Paris;BANANAS;SEASHELLS;4986.0;2
230600;Charlie;Pablo;BANANAS;SEASHELLS;4988.0;1
230600;Caesar;Paris;PEARLS;SEASHELLS;9996.0;2
230600;Paris;Pablo;BANANAS;SEASHELLS;4988.0;1
230700;Paris;Camilla;BANANAS;SEASHELLS;4992.0;1
230700;Charlie;Gary;BANANAS;SEASHELLS;4986.0;19
231100;Paris;Charlie;BANANAS;SEASHELLS;4992.0;1
231800;Charlie;Pablo;BANANAS;SEASHELLS;4987.0;5
232100;Charlie;Pablo;BANANAS;SEASHELLS;4987.0;4
232200;Pablo;Charlie;BANANAS;SEASHELLS;4991.0;2
232500;Charlie;Paris;BANANAS;SEASHELLS;4987.0;1
232700;Charlie;Pablo;PEARLS;SEASHELLS;9998.0;2
232700;Charlie;Paris;BANANAS;SEASHELLS;4987.0;1
233000;Charlie;Pablo;PEARLS;SEASHELLS;9998.0;4
233100;Paris;Camilla;PEARLS;SEASHELLS;10002.0;1
233100;Paris;Camilla;BANANAS;SEASHELLS;4992.0;1
233200;Charlie;Pablo;PEARLS;SEASHELLS;9998.0;1
233500;Paris;Camilla;PEARLS;SEASHELLS;10002.0;1
233500;Paris;Camilla;BANANAS;SEASHELLS;4993.0;1
233700;Gary;Caesar;BANANAS;SEASHELLS;4994.0;2
234500;Camilla;Paris;BANANAS;SEASHELLS;4987.0;1
234500;Camilla;Paris;PEARLS;SEASHELLS;9998.0;1
234800;Charlie;Pablo;PEARLS;SEASHELLS;9998.0;1
235400;Paris;Charlie;BANANAS;SEASHELLS;4991.0;1
235400;Charlie;Paris;PEARLS;SEASHELLS;9998.0;1
235700;Paris;Charlie;PEARLS;SEASHELLS;10002.0;1
236100;Charlie;Paris;PEARLS;SEASHELLS;9998.0;1
236100;Charlie;Penelope;PEARLS;SEASHELLS;9995.0;5
236100;Charlie;Gary;PEARLS;SEASHELLS;9995.0;12
236400;Charlie;Paris;BANANAS;SEASHELLS;4984.0;2
236400;Charlie;Paris;PEARLS;SEASHELLS;9998.0;1
236400;Caesar;Paris;PEARLS;SEASHELLS;9996.0;2
236500;Charlie;Paris;BANANAS;SEASHELLS;4984.0;1
236500;Charlie;Penelope;PEARLS;SEASHELLS;9995.0;2
236600;Caesar;Penelope;PEARLS;SEASHELLS;10000.0;3
236700;Charlie;Paris;BANANAS;SEASHELLS;4985.0;1
237000;Paris;Charlie;BANANAS;SEASHELLS;4992.0;1
237000;Paris;Charlie;PEARLS;SEASHELLS;10005.0;1
237000;Penelope;Caesar;PEARLS;SEASHELLS;10004.0;1
237100;Charlie;Penelope;PEARLS;SEASHELLS;9995.0;4
237100;Charlie;Paris;PEARLS;SEASHELLS;9998.0;1
237300;Charlie;Pablo;BANANAS;SEASHELLS;4986.0;2
237500;Penelope;Charlie;BANANAS;SEASHELLS;4992.0;10
237700;Camilla;Paris;BANANAS;SEASHELLS;4985.0;1
237900;Paris;Charlie;BANANAS;SEASHELLS;4991.0;1
237900;Paris;Caesar;PEARLS;SEASHELLS;10004.0;1
238000;Paris;Charlie;BANANAS;SEASHELLS;4991.0;1
238000;Paris;Caesar;PEARLS;SEASHELLS;10004.0;1
238000;Penelope;Caesar;BANANAS;SEASHELLS;4990.0;2
238700;Charlie;Paris;BANANAS;SEASHELLS;4983.0;2
238700;Paris;Paris;PEARLS;SEASHELLS;10002.0;1
238900;Gary;Charlie;BANANAS;SEASHELLS;4990.0;20
239100;Charlie;Paris;BANANAS;SEASHELLS;4984.0;1
239200;Paris;Charlie;BANANAS;SEASHELLS;4990.0;1
239400;Paris;Charlie;PEARLS;SEASHELLS;10002.0;1
239800;Camilla;Paris;PEARLS;SEASHELLS;9998.0;1
240100;Caesar;Paris;PEARLS;SEASHELLS;9998.0;1
240700;Camilla;Pablo;PEARLS;SEASHELLS;9998.0;1
241000;Charlie;Paris;BANANAS;SEASHELLS;4983.0;1
241200;Charlie;Paris;BANANAS;SEASHELLS;4982.0;1
241200;Gary;Pablo;PEARLS;SEASHELLS;9998.0;3
241300;Charlie;Gina;PEARLS;SEASHELLS;9998.0;4
241300;Camilla;Gina;PEARLS;SEASHELLS;9998.0;8
241400;Caesar;Gary;PEARLS;SEASHELLS;9996.0;1
241400;Charlie;Gary;PEARLS;SEASHELLS;9996.0;9
241500;Charlie;Paris;BANANAS;SEASHELLS;4981.0;1
241700;Penelope;Camilla;BANANAS;SEASHELLS;4986.0;6
241700;Paris;Camilla;PEARLS;SEASHELLS;10002.0;2
241700;Paris;Camilla;BANANAS;SEASHELLS;4986.0;2
241800;Pablo;Paris;PEARLS;SEASHELLS;10002.0;1
242200;Gary;Charlie;BANANAS;SEASHELLS;4988.0;20
242200;Charlie;Paris;PEARLS;SEASHELLS;9998.0;1
242300;Paris;Charlie;PEARLS;SEASHELLS;10002.0;1
242500;Charlie;Penelope;BANANAS;SEASHELLS;4981.0;6
242600;Paris;Charlie;BANANAS;SEASHELLS;4986.0;1
242800;Penelope;Charlie;PEARLS;SEASHELLS;10005.0;8
242900;Paris;Charlie;BANANAS;SEASHELLS;4985.0;1
243100;Charlie;Paris;BANANAS;SEASHELLS;4980.0;1
243200;Penelope;Charlie;PEARLS;SEASHELLS;10005.0;4
243300;Camilla;Pablo;PEARLS;SEASHELLS;9998.0;3
243400;Caesar;Paris;PEARLS;SEASHELLS;9996.0;1
243400;Paris;Paris;BANANAS;SEASHELLS;4987.0;1
243600;Charlie;Paris;BANANAS;SEASHELLS;4982.0;1
243700;Charlie;Paris;BANANAS;SEASHELLS;4981.0;2
243700;Caesar;Paris;PEARLS;SEASHELLS;9996.0;1
244100;Charlie;Paris;PEARLS;SEASHELLS;9998.0;1
244400;Charlie;Paris;PEARLS;SEASHELLS;9998.0;1
244700;Paris;Charlie;BANANAS;SEASHELLS;4986.0;1
244900;Paris;Caesar;PEARLS;SEASHELLS;10002.0;1
245000;Gary;Camilla;PEARLS;SEASHELLS;10002.0;8
245000;Penelope;Camilla;BANANAS;SEASHELLS;4986.0;8
245100;Caesar;Penelope;BANANAS;SEASHELLS;4981.0;1
245200;Charlie;Paris;BANANAS;SEASHELLS;4981.0;1
246100;Pablo;Charlie;PEARLS;SEASHELLS;10002.0;3
246200;Pablo;Charlie;PEARLS;SEASHELLS;10002.0;3
246500;Camilla;Pablo;BANANAS;SEASHELLS;4980.0;3
247100;Charlie;Paris;PEARLS;SEASHELLS;9998.0;1
247300;Caesar;Paris;BANANAS;SEASHELLS;4979.0;1
247600;Camilla;Pablo;PEARLS;SEASHELLS;9998.0;2
247600;Penelope;Charlie;BANANAS;SEASHELLS;4987.0;4
247600;Camilla;Penelope;PEARLS;SEASHELLS;9998.0;1
247600;Camilla;Paris;BANANAS;SEASHELLS;4980.0;1
247600;Charlie;Penelope;PEARLS;SEASHELLS;9998.0;4
247700;Caesar;Paris;PEARLS;SEASHELLS;9996.0;2
247700;Camilla;Gina;PEARLS;SEASHELLS;9998.0;6
247700;Camilla;Paris;BANANAS;SEASHELLS;4981.0;2
247900;Charlie;Gary;PEARLS;SEASHELLS;9996.0;9
247900;Caesar;Gary;PEARLS;SEASHELLS;9996.0;1
248100;Gary;Camilla;BANANAS;SEASHELLS;4985.0;1
248300;Pablo;Charlie;BANANAS;SEASHELLS;4984.0;3
248400;Caesar;Paris;PEARLS;SEASHELLS;9996.0;1
248400;Charlie;Gary;BANANAS;SEASHELLS;4980.0;16
248400;Charlie;Paris;BANANAS;SEASHELLS;4980.0;1
248700;Charlie;Paris;PEARLS;SEASHELLS;9998.0;1
249000;Paris;Charlie;PEARLS;SEASHELLS;10002.0;1
249200;Gary;Camilla;BANANAS;SEASHELLS;4984.0;9
249300;Charlie;Paris;PEARLS;SEASHELLS;9998.0;1
249400;Camilla;Paris;BANANAS;SEASHELLS;4980.0;1
249400;Camilla;Paris;PEARLS;SEASHELLS;9998.0;1
249800;Paris;Charlie;PEARLS;SEASHELLS;10002.0;1
249900;Paris;Charlie;PEARLS;SEASHELLS;10002.0;1
249900;Paris;Charlie;BANANAS;SEASHELLS;4985.0;1
250300;Pablo;Caesar;BANANAS;SEASHELLS;4985.0;2
250500;Pablo;Charlie;PEARLS;SEASHELLS;10002.0;1
250500;Paris;Charlie;PEARLS;SEASHELLS;10005.0;2
250500;Paris;Charlie;BANANAS;SEASHELLS;4988.0;2
250600;Paris;Charlie;BANANAS;SEASHELLS;4987.0;1
250700;Caesar;Pablo;PEARLS;SEASHELLS;9998.0;3
251100;Pablo;Charlie;PEARLS;SEASHELLS;10002.0;5
251300;Charlie;Paris;BANANAS;SEASHELLS;4982.0;1
251500;Penelope;Charlie;BANANAS;SEASHELLS;4989.0;4
251700;Caesar;Penelope;PEARLS;SEASHELLS;9996.0;2
251700;Charlie;Penelope;PEARLS;SEASHELLS;9996.0;2
251700;Charlie;Paris;PEARLS;SEASHELLS;9998.0;1
252300;Penelope;Camilla;PEARLS;SEASHELLS;10002.0;5
252800;Caesar;Paris;PEARLS;SEASHELLS;9996.0;2
252800;Charlie;Paris;BANANAS;SEASHELLS;4984.0;2
253400;Charlie;Penelope;BANANAS;SEASHELLS;4985.0;10
253500;Charlie;Paris;BANANAS;SEASHELLS;4985.0;1
253500;Caesar;Paris;PEARLS;SEASHELLS;9996.0;1
253700;Charlie;Paris;BANANAS;SEASHELLS;4986.0;1
253800;Paris;Camilla;PEARLS;SEASHELLS;10002.0;1
254000;Paris;Gina;BANANAS;SEASHELLS;4988.0;2
254000;Charlie;Gina;BANANAS;SEASHELLS;4988.0;10
254000;Paris;Charlie;PEARLS;SEASHELLS;10005.0;2
254700;Paris;Charlie;BANANAS;SEASHELLS;4994.0;1
254700;Paris;Caesar;PEARLS;SEASHELLS;10004.0;1
254800;Paris;Charlie;PEARLS;SEASHELLS;10002.0;1
255000;Charlie;Paris;BANANAS;SEASHELLS;4987.0;1
255100;Charlie;Paris;BANANAS;SEASHELLS;4988.0;2
255100;Caesar;Paris;PEARLS;SEASHELLS;9996.0;1
255400;Charlie;Paris;BANANAS;SEASHELLS;4988.0;1
255700;Pablo;Charlie;BANANAS;SEASHELLS;4992.0;1
256000;Penelope;Charlie;BANANAS;SEASHELLS;4994.0;6
256000;Paris;Charlie;BANANAS;SEASHELLS;4993.0;1
256000;Penelope;Caesar;BANANAS;SEASHELLS;4994.0;1
256200;Charlie;Gary;BANANAS;SEASHELLS;4989.0;15
257000;Paris;Camilla;PEARLS;SEASHELLS;10002.0;1
257100;Charlie;Pablo;BANANAS;SEASHELLS;4991.0;1
257100;Paris;Pablo;BANANAS;SEASHELLS;4991.0;1
257300;Pablo;Charlie;BANANAS;SEASHELLS;4995.0;5
257600;Caesar;Paris;BANANAS;SEASHELLS;4991.0;1
257600;Caesar;Paris;PEARLS;SEASHELLS;9996.0;1
258000;Charlie;Paris;PEARLS;SEASHELLS;9998.0;1
258200;Charlie;Paris;BANANAS;SEASHELLS;4990.0;2
258200;Charlie;Paris;PEARLS;SEASHELLS;9995.0;2
258400;Penelope;Charlie;PEARLS;SEASHELLS;10005.0;5
259300;Camilla;Paris;BANANAS;SEASHELLS;4991.0;1
259300;Camilla;Paris;PEARLS;SEASHELLS;9998.0;1
259500;Paris;Camilla;BANANAS;SEASHELLS;4995.0;1
260000;Paris;Camilla;PEARLS;SEASHELLS;10002.0;1
260200;Charlie;Paris;PEARLS;SEASHELLS;9995.0;1
260200;Charlie;Paris;BANANAS;SEASHELLS;4989.0;1
260300;Caesar;Paris;BANANAS;SEASHELLS;4990.0;1
260300;Paris;Charlie;PEARLS;SEASHELLS;10002.0;1
260600;Penelope;Caesar;PEARLS;SEASHELLS;10004.0;1
260600;Caesar;Paris;BANANAS;SEASHELLS;4990.0;1
261000;Paris;Pablo;BANANAS;SEASHELLS;4990.0;1
261200;Paris;Camilla;PEARLS;SEASHELLS;10002.0;1
261300;Paris;Penelope;PEARLS;SEASHELLS;10002.0;1
261500;Camilla;Paris;BANANAS;SEASHELLS;4989.0;1
261500;Camilla;Paris;PEARLS;SEASHELLS;9998.0;1
261600;Paris;Charlie;PEARLS;SEASHELLS;10002.0;1
261800;Paris;Camilla;BANANAS;SEASHELLS;4994.0;1
261900;Charlie;Paris;BANANAS;SEASHELLS;4989.0;1
262200;Paris;Charlie;BANANAS;SEASHELLS;4996.0;2
262200;Paris;Charlie;PEARLS;SEASHELLS;10005.0;2
262400;Paris;Camilla;PEARLS;SEASHELLS;10002.0;1
262500;Charlie;Pablo;PEARLS;SEASHELLS;9998.0;2
262800;Charlie;Paris;BANANAS;SEASHELLS;4990.0;1
262900;Paris;Charlie;BANANAS;SEASHELLS;4996.0;1
263700;Caesar;Paris;BANANAS;SEASHELLS;4991.0;1
263800;Paris;Camilla;PEARLS;SEASHELLS;10002.0;1
264500;Camilla;Pablo;BANANAS;SEASHELLS;4991.0;5
264700;Charlie;Paris;PEARLS;SEASHELLS;9998.0;1
265000;Charlie;Paris;PEARLS;SEASHELLS;9998.0;1
265700;Penelope;Caesar;BANANAS;SEASHELLS;4995.0;2
265700;Paris;Charlie;BANANAS;SEASHELLS;4996.0;2
265700;Paris;Caesar;PEARLS;SEASHELLS;10004.0;2
265900;Caesar;Paris;BANANAS;SEASHELLS;4992.0;1
265900;Paris;Camilla;BANANAS;SEASHELLS;4994.0;1
265900;Caesar;Paris;PEARLS;SEASHELLS;10000.0;1
266000;Camilla;Pablo;PEARLS;SEASHELLS;9998.0;3
266000;Camilla;Paris;BANANAS;SEASHELLS;4990.0;1
266300;Charlie;Paris;BANANAS;SEASHELLS;4989.0;1
266500;Paris;Charlie;BANANAS;SEASHELLS;4995.0;1
266700;Paris;Charlie;PEARLS;SEASHELLS;10002.0;1
266800;Paris;Charlie;BANANAS;SEASHELLS;4997.0;1
266800;Paris;Caesar;PEARLS;SEASHELLS;10004.0;1
267000;Charlie;Paris;BANANAS;SEASHELLS;4991.0;1
267000;Pablo;Charlie;PEARLS;SEASHELLS;10002.0;5
267600;Paris;Charlie;PEARLS;SEASHELLS;10002.0;1
267900;Pablo;Charlie;BANANAS;SEASHELLS;4994.0;1
268800;Penelope;Caesar;PEARLS;SEASHELLS;10004.0;2
269000;Charlie;Paris;BANANAS;SEASHELLS;4990.0;1
269000;Caesar;Paris;BANANAS;SEASHELLS;4990.0;1
269000;Charlie;Paris;PEARLS;SEASHELLS;9996.0;1
269000;Caesar;Paris;PEARLS;SEASHELLS;9996.0;1
269200;Paris;Camilla;BANANAS;SEASHELLS;4994.0;1
269200;Gina;Camilla;PEARLS;SEASHELLS;10002.0;8
269400;Charlie;Penelope;PEARLS;SEASHELLS;9995.0;5
269700;Charlie;Paris;PEARLS;SEASHELLS;9998.0;1
269800;Pablo;Charlie;PEARLS;SEASHELLS;10002.0;1
269800;Paris;Paris;BANANAS;SEASHELLS;4994.0;1
269800;Pablo;Paris;PEARLS;SEASHELLS;10002.0;2
269900;Paris;Charlie;BANANAS;SEASHELLS;4994.0;1
270000;Charlie;Penelope;BANANAS;SEASHELLS;4988.0;4
270100;Camilla;Paris;BANANAS;SEASHELLS;4989.0;1
270200;Camilla;Paris;PEARLS;SEASHELLS;9998.0;1
270300;Camilla;Paris;BANANAS;SEASHELLS;4989.0;1
270400;Penelope;Charlie;PEARLS;SEASHELLS;10005.0;5
270600;Paris;Charlie;BANANAS;SEASHELLS;4994.0;1
270700;Charlie;Paris;BANANAS;SEASHELLS;4989.0;1
270900;Paris;Caesar;PEARLS;SEASHELLS;10004.0;2
270900;Paris;Charlie;BANANAS;SEASHELLS;4996.0;2
271200;Penelope;Camilla;BANANAS;SEASHELLS;4994.0;7
271600;Camilla;Paris;PEARLS;SEASHELLS;9998.0;1
271700;Charlie;Paris;BANANAS;SEASHELLS;4989.0;1
271800;Penelope;Caesar;PEARLS;SEASHELLS;10004.0;2
271900;Gary;Charlie;BANANAS;SEASHELLS;4995.0;14
272100;Paris;Charlie;BANANAS;SEASHELLS;4994.0;1
272200;Charlie;Paris;BANANAS;SEASHELLS;4989.0;1
272300;Pablo;Charlie;PEARLS;SEASHELLS;10002.0;2
272700;Charlie;Paris;PEARLS;SEASHELLS;9998.0;1
272800;Penelope;Caesar;PEARLS;SEASHELLS;10004.0;1
272800;Paris;Charlie;PEARLS;SEASHELLS;10005.0;2
272800;Paris;Charlie;BANANAS;SEASHELLS;4995.0;2
273400;Caesar;Gary;PEARLS;SEASHELLS;9996.0;2
273400;Charlie;Gary;PEARLS;SEASHELLS;9996.0;6
274200;Paris;Charlie;BANANAS;SEASHELLS;4994.0;1
274600;Charlie;Pablo;BANANAS;SEASHELLS;4989.0;1
275000;Paris;Charlie;BANANAS;SEASHELLS;4993.0;1
275600;Penelope;Paris;PEARLS;SEASHELLS;9998.0;1
275600;Pablo;Charlie;BANANAS;SEASHELLS;4993.0;3
276500;Gary;Paris;PEARLS;SEASHELLS;9998.0;1
277000;Caesar;Paris;BANANAS;SEASHELLS;4988.0;1
277000;Charlie;Paris;BANANAS;SEASHELLS;4988.0;1
277000;Caesar;Paris;PEARLS;SEASHELLS;9996.0;2
278100;Pablo;Paris;BANANAS;SEASHELLS;4991.0;1
278200;Charlie;Pablo;PEARLS;SEASHELLS;9998.0;3
278200;Charlie;Paris;BANANAS;SEASHELLS;4988.0;1
278500;Caesar;Gary;PEARLS;SEASHELLS;9996.0;1
278700;Penelope;Camilla;BANANAS;SEASHELLS;4991.0;3
278700;Penelope;Charlie;BANANAS;SEASHELLS;4991.0;8
279200;Camilla;Penelope;BANANAS;SEASHELLS;4987.0;4
279300;Charlie;Paris;BANANAS;SEASHELLS;4986.0;1
279400;Charlie;Paris;BANANAS;SEASHELLS;4985.0;2
279400;Caesar;Gary;PEARLS;SEASHELLS;9996.0;2
279400;Charlie;Paris;PEARLS;SEASHELLS;9995.0;2
279900;Caesar;Paris;PEARLS;SEASHELLS;9996.0;1
279900;Charlie;Paris;BANANAS;SEASHELLS;4985.0;2
280200;Gary;Charlie;BANANAS;SEASHELLS;4992.0;13
280400;Paris;Charlie;BANANAS;SEASHELLS;4992.0;2
280400;Paris;Caesar;PEARLS;SEASHELLS;10004.0;2
280900;Caesar;Penelope;PEARLS;SEASHELLS;10000.0;2
281100;Pablo;Charlie;PEARLS;SEASHELLS;10002.0;5
282200;Camilla;Paris;BANANAS;SEASHELLS;4984.0;1
282400;Pablo;Camilla;PEARLS;SEASHELLS;10002.0;1
282500;Charlie;Penelope;PEARLS;SEASHELLS;9995.0;2
283300;Paris;Charlie;BANANAS;SEASHELLS;4992.0;2
283300;Paris;Caesar;PEARLS;SEASHELLS;10004.0;1
283300;Paris;Charlie;PEARLS;SEASHELLS;10004.0;1
283600;Paris;Charlie;PEARLS;SEASHELLS;10002.0;1
283700;Charlie;Paris;PEARLS;SEASHELLS;9998.0;1
284200;Penelope;Charlie;BANANAS;SEASHELLS;4992.0;10
284300;Camilla;Paris;PEARLS;SEASHELLS;9998.0;1
284500;Charlie;Paris;BANANAS;SEASHELLS;4985.0;2
284500;Caesar;Paris;PEARLS;SEASHELLS;9996.0;2
285100;Charlie;Paris;BANANAS;SEASHELLS;4986.0;1
285100;Caesar;Paris;PEARLS;SEASHELLS;9996.0;1
285300;Charlie;Paris;BANANAS;SEASHELLS;4986.0;1
285700;Caesar;Gary;PEARLS;SEASHELLS;9996.0;2
286000;Paris;Paris;PEARLS;SEASHELLS;9998.0;1
286000;Paris;Charlie;BANANAS;SEASHELLS;4991.0;2
288100;Pablo;Charlie;PEARLS;SEASHELLS;10002.0;4
288100;Pablo;Paris;PEARLS;SEASHELLS;10002.0;1
288100;Charlie;Paris;BANANAS;SEASHELLS;4984.0;1
288600;Charlie;Paris;BANANAS;SEASHELLS;4984.0;1
288900;Paris;Charlie;BANANAS;SEASHELLS;4988.0;1
288900;Paris;Charlie;BANANAS;SEASHELLS;4989.0;1
288900;Paris;Caesar;PEARLS;SEASHELLS;10004.0;1
289400;Paris;Camilla;BANANAS;SEASHELLS;4989.0;1
289400;Charlie;Penelope;BANANAS;SEASHELLS;4984.0;7
289700;Charlie;Penelope;BANANAS;SEASHELLS;4984.0;5
289800;Gary;Caesar;PEARLS;SEASHELLS;10004.0;2
290200;Pablo;Paris;BANANAS;SEASHELLS;4988.0;1
290300;Paris;Charlie;BANANAS;SEASHELLS;4990.0;1
290300;Paris;Paris;PEARLS;SEASHELLS;9998.0;1
291400;Charlie;Penelope;PEARLS;SEASHELLS;9995.0;4
291400;Charlie;Paris;BANANAS;SEASHELLS;4986.0;1
291500;Charlie;Paris;PEARLS;SEASHELLS;9998.0;1
291700;Caesar;Paris;BANANAS;SEASHELLS;4987.0;1
291700;Charlie;Paris;PEARLS;SEASHELLS;9998.0;1
292200;Paris;Charlie;PEARLS;SEASHELLS;10002.0;1
292300;Charlie;Paris;BANANAS;SEASHELLS;4988.0;2
292300;Caesar;Paris;PEARLS;SEASHELLS;9996.0;2
292400;Paris;Charlie;PEARLS;SEASHELLS;10002.0;1
292500;Pablo;Charlie;PEARLS;SEASHELLS;10002.0;3
292500;Pablo;Camilla;PEARLS;SEASHELLS;10002.0;2
292600;Penelope;Charlie;BANANAS;SEASHELLS;4995.0;6
292600;Penelope;Caesar;BANANAS;SEASHELLS;4995.0;1
292800;Caesar;Paris;BANANAS;SEASHELLS;4989.0;1
292800;Paris;Paris;PEARLS;SEASHELLS;10002.0;1
293000;Gary;Charlie;BANANAS;SEASHELLS;4995.0;16
293000;Charlie;Paris;BANANAS;SEASHELLS;4988.0;1
293100;Camilla;Paris;BANANAS;SEASHELLS;4989.0;1
293400;Charlie;Paris;BANANAS;SEASHELLS;4988.0;1
293400;Charlie;Pablo;BANANAS;SEASHELLS;4989.0;5
293600;Caesar;Gina;BANANAS;SEASHELLS;4988.0;1
293700;Paris;Charlie;PEARLS;SEASHELLS;10002.0;1
294000;Charlie;Penelope;BANANAS;SEASHELLS;4988.0;9
294200;Caesar;Penelope;BANANAS;SEASHELLS;4988.0;1
294200;Charlie;Penelope;BANANAS;SEASHELLS;4988.0;4
294300;Gina;Charlie;BANANAS;SEASHELLS;4993.0;11
294900;Charlie;Paris;PEARLS;SEASHELLS;9995.0;1
294900;Charlie;Paris;BANANAS;SEASHELLS;4988.0;1
295300;Camilla;Paris;BANANAS;SEASHELLS;4989.0;1
295700;Paris;Caesar;PEARLS;SEASHELLS;10004.0;1
295700;Paris;Charlie;BANANAS;SEASHELLS;4995.0;2
295800;Paris;Paris;PEARLS;SEASHELLS;10002.0;1
295800;Charlie;Paris;BANANAS;SEASHELLS;4988.0;1
296100;Penelope;Pablo;BANANAS;SEASHELLS;4990.0;1
296200;Paris;Camilla;PEARLS;SEASHELLS;10002.0;1
296300;Paris;Charlie;BANANAS;SEASHELLS;4993.0;1
296400;Camilla;Pablo;PEARLS;SEASHELLS;9998.0;5
296700;Gina;Charlie;BANANAS;SEASHELLS;4992.0;8
297000;Charlie;Pablo;BANANAS;SEASHELLS;4988.0;2
297100;Paris;Charlie;BANANAS;SEASHELLS;4992.0;1
297300;Penelope;Caesar;PEARLS;SEASHELLS;10004.0;2
297400;Paris;Charlie;BANANAS;SEASHELLS;4994.0;2
297400;Paris;Pablo;PEARLS;SEASHELLS;9998.0;2
297400;Charlie;Paris;BANANAS;SEASHELLS;4987.0;1
297400;Gary;Caesar;BANANAS;SEASHELLS;4993.0;1
297700;Paris;Camilla;PEARLS;SEASHELLS;10002.0;1
297800;Pablo;Charlie;PEARLS;SEASHELLS;10002.0;3
298100;Camilla;Paris;BANANAS;SEASHELLS;4990.0;2
298100;Camilla;Paris;PEARLS;SEASHELLS;9998.0;2
298600;Charlie;Paris;BANANAS;SEASHELLS;4990.0;1
298800;Paris;Camilla;BANANAS;SEASHELLS;4996.0;1
298900;Paris;Camilla;BANANAS;SEASHELLS;4996.0;1
299500;Charlie;Penelope;PEARLS;SEASHELLS;9995.0;5
299600;Paris;Camilla;BANANAS;SEASHELLS;4996.0;1
299700;Paris;Charlie;BANANAS;SEASHELLS;4996.0;1
300700;Charlie;Penelope;BANANAS;SEASHELLS;4992.0;6
300800;Paris;Charlie;BANANAS;SEASHELLS;4999.0;1
300800;Paris;Charlie;PEARLS;SEASHELLS;10005.0;1
301100;Charlie;Pablo;BANANAS;SEASHELLS;4993.0;1
301400;Paris;Charlie;PEARLS;SEASHELLS;10005.0;2
301400;Paris;Charlie;BANANAS;SEASHELLS;4998.0;2
301500;Paris;Charlie;PEARLS;SEASHELLS;10002.0;1
301900;Gina;Camilla;BANANAS;SEASHELLS;4996.0;8
301900;Gary;Charlie;BANANAS;SEASHELLS;4998.0;20
302100;Paris;Charlie;BANANAS;SEASHELLS;4996.0;1
302100;Paris;Charlie;BANANAS;SEASHELLS;4997.0;1
302100;Paris;Caesar;PEARLS;SEASHELLS;10004.0;1
302400;Camilla;Pablo;PEARLS;SEASHELLS;9998.0;1
302400;Charlie;Pablo;PEARLS;SEASHELLS;9998.0;4
302500;Charlie;Paris;PEARLS;SEASHELLS;9998.0;1
302900;Caesar;Paris;BANANAS;SEASHELLS;4990.0;1
303100;Charlie;Paris;BANANAS;SEASHELLS;4990.0;1
303100;Paris;Charlie;PEARLS;SEASHELLS;10005.0;2
303100;Paris;Charlie;BANANAS;SEASHELLS;4997.0;2
303400;Charlie;Pablo;BANANAS;SEASHELLS;4991.0;5
303600;Camilla;Paris;BANANAS;SEASHELLS;4991.0;1
303600;Camilla;Pablo;PEARLS;SEASHELLS;9998.0;5
303700;Paris;Charlie;PEARLS;SEASHELLS;10002.0;1
303900;Charlie;Gary;BANANAS;SEASHELLS;4991.0;17
304100;Charlie;Pablo;BANANAS;SEASHELLS;4992.0;5
305100;Camilla;Paris;PEARLS;SEASHELLS;9998.0;1
305600;Penelope;Charlie;BANANAS;SEASHELLS;4996.0;12
305900;Pablo;Camilla;PEARLS;SEASHELLS;10002.0;3
306000;Camilla;Paris;BANANAS;SEASHELLS;4989.0;1
306300;Charlie;Paris;PEARLS;SEASHELLS;9998.0;1
306700;Charlie;Pablo;PEARLS;SEASHELLS;9998.0;2
307400;Charlie;Paris;PEARLS;SEASHELLS;9998.0;1
307500;Charlie;Paris;BANANAS;SEASHELLS;4989.0;1
307900;Paris;Charlie;BANANAS;SEASHELLS;4997.0;1
307900;Paris;Caesar;PEARLS;SEASHELLS;10004.0;1
308000;Paris;Charlie;PEARLS;SEASHELLS;10002.0;1
308200;Caesar;Paris;PEARLS;SEASHELLS;9996.0;1
308200;Charlie;Paris;BANANAS;SEASHELLS;4990.0;1
308300;Paris;Charlie;PEARLS;SEASHELLS;10002.0;1
308300;Charlie;Paris;BANANAS;SEASHELLS;4990.0;1
308500;Charlie;Paris;BANANAS;SEASHELLS;4991.0;1
308600;Charlie;Pablo;BANANAS;SEASHELLS;4992.0;5
308600;Charlie;Paris;BANANAS;SEASHELLS;4991.0;1
309200;Caesar;Pablo;BANANAS;SEASHELLS;4991.0;1
309600;Camilla;Paris;BANANAS;SEASHELLS;4991.0;2
309600;Camilla;Paris;PEARLS;SEASHELLS;9998.0;2
309800;Charlie;Paris;PEARLS;SEASHELLS;9998.0;1
310600;Paris;Camilla;PEARLS;SEASHELLS;10002.0;1
310800;Paris;Charlie;BANANAS;SEASHELLS;4994.0;1
310900;Penelope;Caesar;PEARLS;SEASHELLS;10004.0;2
311100;Charlie;Paris;BANANAS;SEASHELLS;4988.0;1
311700;Charlie;Paris;BANANAS;SEASHELLS;4988.0;2
311700;Caesar;Paris;PEARLS;SEASHELLS;9996.0;2
312300;Caesar;Paris;BANANAS;SEASHELLS;4990.0;2
312300;Caesar;Paris;PEARLS;SEASHELLS;9996.0;2
312500;Paris;Camilla;BANANAS;SEASHELLS;4995.0;1
312600;Gary;Caesar;PEARLS;SEASHELLS;10004.0;2
312600;Gary;Charlie;PEARLS;SEASHELLS;10004.0;8
313100;Charlie;Penelope;PEARLS;SEASHELLS;9996.0;1
313100;Caesar;Penelope;PEARLS;SEASHELLS;9996.0;2
313100;Charlie;Paris;BANANAS;SEASHELLS;4990.0;1
313200;Caesar;Paris;BANANAS;SEASHELLS;4990.0;1
313600;Penelope;Charlie;PEARLS;SEASHELLS;10005.0;5
313700;Charlie;Pablo;PEARLS;SEASHELLS;9998.0;2
313700;Camilla;Pablo;PEARLS;SEASHELLS;9998.0;2
314000;Pablo;Camilla;PEARLS;SEASHELLS;10002.0;1
314100;Paris;Camilla;PEARLS;SEASHELLS;10002.0;1
314200;Charlie;Caesar;BANANAS;SEASHELLS;4994.0;1
314700;Paris;Paris;PEARLS;SEASHELLS;10002.0;1
314700;Charlie;Paris;BANANAS;SEASHELLS;4992.0;2
315300;Pablo;Camilla;PEARLS;SEASHELLS;10002.0;5
315500;Camilla;Gary;PEARLS;SEASHELLS;9998.0;2
315800;Paris;Camilla;BANANAS;SEASHELLS;4998.0;1
315800;Paris;Camilla;PEARLS;SEASHELLS;10002.0;1
315800;Paris;Charlie;BANANAS;SEASHELLS;4999.0;1
316000;Camilla;Pablo;BANANAS;SEASHELLS;4993.0;2
316200;Paris;Caesar;PEARLS;SEASHELLS;10004.0;2
316200;Paris;Charlie;BANANAS;SEASHELLS;4999.0;2
316600;Paris;Charlie;BANANAS;SEASHELLS;5000.0;1
316600;Paris;Charlie;PEARLS;SEASHELLS;10005.0;1
316800;Camilla;Paris;BANANAS;SEASHELLS;4994.0;1
316900;Paris;Charlie;BANANAS;SEASHELLS;4999.0;1
317400;Caesar;Paris;BANANAS;SEASHELLS;4993.0;1
317600;Charlie;Caesar;BANANAS;SEASHELLS;4994.0;5
317700;Pablo;Camilla;PEARLS;SEASHELLS;10002.0;1
317800;Charlie;Pablo;PEARLS;SEASHELLS;9998.0;3
318000;Charlie;Pablo;PEARLS;SEASHELLS;9998.0;1
318400;Gary;Charlie;BANANAS;SEASHELLS;4997.0;15
318600;Pablo;Gina;PEARLS;SEASHELLS;10002.0;2
318700;Paris;Camilla;BANANAS;SEASHELLS;4996.0;1
319000;Charlie;Paris;PEARLS;SEASHELLS;9998.0;1
319000;Penelope;Charlie;BANANAS;SEASHELLS;4998.0;4
319500;Charlie;Paris;BANANAS;SEASHELLS;4992.0;1
319800;Paris;Caesar;PEARLS;SEASHELLS;10002.0;1
320100;Charlie;Paris;PEARLS;SEASHELLS;9998.0;1
320200;Charlie;Penelope;BANANAS;SEASHELLS;4991.0;6
320300;Paris;Caesar;PEARLS;SEASHELLS;10004.0;1
320300;Paris;Caesar;BANANAS;SEASHELLS;4997.0;1
320500;Caesar;Paris;BANANAS;SEASHELLS;4991.0;1
320900;Penelope;Charlie;PEARLS;SEASHELLS;10005.0;3
321100;Charlie;Penelope;BANANAS;SEASHELLS;4992.0;9
321100;Caesar;Penelope;BANANAS;SEASHELLS;4992.0;1
321300;Paris;Caesar;BANANAS;SEASHELLS;4998.0;2
321300;Paris;Caesar;PEARLS;SEASHELLS;10004.0;2
321600;Charlie;Paris;BANANAS;SEASHELLS;4993.0;1
321800;Caesar;Paris;BANANAS;SEASHELLS;4993.0;1
321900;Caesar;Paris;PEARLS;SEASHELLS;9996.0;1
321900;Caesar;Paris;BANANAS;SEASHELLS;4993.0;1
322000;Caesar;Paris;BANANAS;SEASHELLS;4994.0;1
322100;Charlie;Paris;BANANAS;SEASHELLS;4994.0;1
322500;Caesar;Paris;BANANAS;SEASHELLS;4994.0;1
322900;Charlie;Paris;BANANAS;SEASHELLS;4993.0;1
324100;Camilla;Paris;PEARLS;SEASHELLS;9998.0;2
324100;Caesar;Paris;BANANAS;SEASHELLS;4995.0;2
324200;Charlie;Paris;PEARLS;SEASHELLS;9998.0;1
324300;Paris;Charlie;BANANAS;SEASHELLS;4997.0;1
324500;Charlie;Pablo;BANANAS;SEASHELLS;4993.0;2
324600;Charlie;Penelope;PEARLS;SEASHELLS;9995.0;6
325000;Penelope;Charlie;PEARLS;SEASHELLS;10005.0;5
325100;Caesar;Paris;BANANAS;SEASHELLS;4992.0;1
325100;Caesar;Paris;PEARLS;SEASHELLS;9996.0;1
325500;Paris;Pablo;BANANAS;SEASHELLS;4993.0;1
325500;Charlie;Pablo;BANANAS;SEASHELLS;4993.0;4
325900;Penelope;Caesar;BANANAS;SEASHELLS;4998.0;2
326000;Caesar;Gary;PEARLS;SEASHELLS;9996.0;2
326200;Charlie;Paris;BANANAS;SEASHELLS;4991.0;1
326300;Charlie;Paris;BANANAS;SEASHELLS;4991.0;1
326400;Paris;Charlie;BANANAS;SEASHELLS;4996.0;1
326600;Charlie;Pablo;BANANAS;SEASHELLS;4992.0;3
326600;Paris;Pablo;BANANAS;SEASHELLS;4992.0;1
326900;Paris;Camilla;PEARLS;SEASHELLS;10002.0;1
326900;Charlie;Paris;BANANAS;SEASHELLS;4992.0;1
327100;Pablo;Charlie;PEARLS;SEASHELLS;10002.0;2
327400;Gina;Charlie;BANANAS;SEASHELLS;4995.0;8
327500;Gary;Camilla;BANANAS;SEASHELLS;4995.0;8
327500;Gary;Charlie;BANANAS;SEASHELLS;4995.0;9
327700;Camilla;Paris;BANANAS;SEASHELLS;4991.0;1
327800;Caesar;Paris;PEARLS;SEASHELLS;9996.0;1
327800;Caesar;Paris;BANANAS;SEASHELLS;4993.0;1
328400;Charlie;Paris;BANANAS;SEASHELLS;4991.0;1
328600;Paris;Charlie;BANANAS;SEASHELLS;4997.0;1
329000;Paris;Charlie;BANANAS;SEASHELLS;4997.0;1
329100;Gary;Charlie;PEARLS;SEASHELLS;10005.0;10
329300;Camilla;Paris;PEARLS;SEASHELLS;9998.0;1
329700;Charlie;Paris;PEARLS;SEASHELLS;9998.0;1
329800;Penelope;Charlie;PEARLS;SEASHELLS;10004.0;3
329800;Penelope;Caesar;PEARLS;SEASHELLS;10004.0;1
330400;Charlie;Paris;BANANAS;SEASHELLS;4993.0;1
330600;Camilla;Penelope;PEARLS;SEASHELLS;9998.0;2
330600;Charlie;Penelope;PEARLS;SEASHELLS;9998.0;3
331000;Charlie;Pablo;BANANAS;SEASHELLS;4994.0;1
331100;Paris;Charlie;PEARLS;SEASHELLS;10002.0;1
331200;Paris;Charlie;PEARLS;SEASHELLS;10002.0;1
331300;Charlie;Paris;BANANAS;SEASHELLS;4992.0;1
331400;Charlie;Paris;PEARLS;SEASHELLS;9998.0;1
331700;Charlie;Paris;PEARLS;SEASHELLS;9998.0;1
331800;Charlie;Paris;BANANAS;SEASHELLS;4992.0;1
331800;Caesar;Paris;PEARLS;SEASHELLS;9998.0;1
331800;Caesar;Paris;PEARLS;SEASHELLS;10000.0;1
332000;Caesar;Penelope;BANANAS;SEASHELLS;4995.0;3
332300;Gary;Charlie;BANANAS;SEASHELLS;5000.0;20
332500;Paris;Charlie;PEARLS;SEASHELLS;10002.0;1
332800;Penelope;Charlie;BANANAS;SEASHELLS;5000.0;11
333100;Paris;Caesar;PEARLS;SEASHELLS;10004.0;2
333100;Paris;Charlie;BANANAS;SEASHELLS;4999.0;2
333300;Caesar;Paris;BANANAS;SEASHELLS;4993.0;1
333500;Charlie;Gary;PEARLS;SEASHELLS;9995.0;9
333900;Pablo;Charlie;PEARLS;SEASHELLS;10002.0;2
333900;Pablo;Charlie;BANANAS;SEASHELLS;4997.0;3
334100;Charlie;Paris;BANANAS;SEASHELLS;4993.0;1
334300;Charlie;Paris;BANANAS;SEASHELLS;4994.0;1
334500;Charlie;Paris;BANANAS;SEASHELLS;4993.0;1
334800;Charlie;Caesar;BANANAS;SEASHELLS;4996.0;2
335000;Paris;Camilla;BANANAS;SEASHELLS;4999.0;1
335200;Charlie;Pablo;BANANAS;SEASHELLS;4996.0;1
335300;Charlie;Paris;PEARLS;SEASHELLS;9998.0;1
335400;Paris;Camilla;PEARLS;SEASHELLS;10002.0;1
335400;Gina;Camilla;BANANAS;SEASHELLS;4999.0;9
335800;Charlie;Paris;PEARLS;SEASHELLS;9998.0;1
336000;Charlie;Penelope;PEARLS;SEASHELLS;9995.0;8
336200;Paris;Pablo;PEARLS;SEASHELLS;9998.0;1
336200;Paris;Camilla;BANANAS;SEASHELLS;5003.0;1
336400;Paris;Charlie;BANANAS;SEASHELLS;5006.0;1
336500;Camilla;Pablo;PEARLS;SEASHELLS;9998.0;3
336600;Charlie;Olivia;BANANAS;SEASHELLS;5000.0;17
336600;Caesar;Paris;BANANAS;SEASHELLS;5001.0;2
336600;Caesar;Paris;PEARLS;SEASHELLS;9996.0;2
336700;Charlie;Paris;BANANAS;SEASHELLS;5000.0;1
336800;Caesar;Penelope;PEARLS;SEASHELLS;9996.0;1
336800;Charlie;Penelope;PEARLS;SEASHELLS;9996.0;2
336800;Charlie;Paris;PEARLS;SEASHELLS;9998.0;1
337100;Charlie;Paris;PEARLS;SEASHELLS;9998.0;1
337200;Camilla;Paris;BANANAS;SEASHELLS;5001.0;2
337200;Camilla;Paris;PEARLS;SEASHELLS;9998.0;2
337200;Camilla;Penelope;PEARLS;SEASHELLS;9998.0;2
337400;Charlie;Caesar;BANANAS;SEASHELLS;5002.0;2
337500;Pablo;Charlie;PEARLS;SEASHELLS;10002.0;5
337600;Caesar;Paris;PEARLS;SEASHELLS;9996.0;1
337600;Caesar;Paris;BANANAS;SEASHELLS;5001.0;1
337900;Charlie;Paris;BANANAS;SEASHELLS;5000.0;1
338300;Paris;Caesar;BANANAS;SEASHELLS;5005.0;1
338300;Paris;Caesar;PEARLS;SEASHELLS;10004.0;1
338300;Charlie;Paris;BANANAS;SEASHELLS;4999.0;1
338600;Paris;Charlie;BANANAS;SEASHELLS;5003.0;1
339000;Charlie;Paris;PEARLS;SEASHELLS;9998.0;1
339600;Paris;Charlie;BANANAS;SEASHELLS;5002.0;1
339900;Camilla;Paris;PEARLS;SEASHELLS;9998.0;1
340100;Paris;Charlie;BANANAS;SEASHELLS;5002.0;1
340500;Paris;Charlie;BANANAS;SEASHELLS;5002.0;1
340700;Caesar;Gary;PEARLS;SEASHELLS;9996.0;2
340700;Charlie;Gary;PEARLS;SEASHELLS;9996.0;2
340700;Penelope;Gary;PEARLS;SEASHELLS;9996.0;8
341000;Gary;Caesar;PEARLS;SEASHELLS;10004.0;2
341200;Caesar;Penelope;PEARLS;SEASHELLS;9996.0;1
341200;Charlie;Penelope;PEARLS;SEASHELLS;9996.0;1
341300;Paris;Charlie;BANANAS;SEASHELLS;5001.0;1
341300;Pablo;Charlie;PEARLS;SEASHELLS;10002.0;1
341400;Camilla;Paris;PEARLS;SEASHELLS;9998.0;1
341400;Camilla;Paris;BANANAS;SEASHELLS;4996.0;1
341900;Charlie;Paris;PEARLS;SEASHELLS;9998.0;1
342100;Charlie;Paris;BANANAS;SEASHELLS;4996.0;1
342300;Charlie;Paris;BANANAS;SEASHELLS;4995.0;1
342900;Paris;Pablo;BANANAS;SEASHELLS;4998.0;2
342900;Charlie;Pablo;BANANAS;SEASHELLS;4998.0;2
342900;Paris;Charlie;PEARLS;SEASHELLS;10005.0;2
343500;Paris;Pablo;BANANAS;SEASHELLS;4997.0;1
343700;Charlie;Paris;BANANAS;SEASHELLS;4997.0;1
343700;Paris;Charlie;PEARLS;SEASHELLS;10002.0;1
344100;Paris;Gary;PEARLS;SEASHELLS;10002.0;1
344100;Pablo;Paris;BANANAS;SEASHELLS;5000.0;1
344200;Caesar;Penelope;PEARLS;SEASHELLS;9996.0;2
344300;Paris;Charlie;PEARLS;SEASHELLS;10002.0;1
344600;Penelope;Pablo;BANANAS;SEASHELLS;4996.0;2
344800;Paris;Charlie;BANANAS;SEASHELLS;5001.0;1
345000;Charlie;Penelope;BANANAS;SEASHELLS;4995.0;8
345100;Camilla;Paris;BANANAS;SEASHELLS;4995.0;1
345400;Caesar;Paris;PEARLS;SEASHELLS;9998.0;1
345500;Charlie;Paris;PEARLS;SEASHELLS;9998.0;1
345800;Caesar;Penelope;PEARLS;SEASHELLS;9996.0;1
345800;Charlie;Penelope;PEARLS;SEASHELLS;9996.0;5
345900;Charlie;Paris;BANANAS;SEASHELLS;4996.0;1
346200;Charlie;Penelope;PEARLS;SEASHELLS;9996.0;6
346200;Caesar;Penelope;PEARLS;SEASHELLS;9996.0;1
346400;Paris;Camilla;PEARLS;SEASHELLS;10002.0;1
346600;Gary;Caesar;PEARLS;SEASHELLS;10004.0;1
347100;Charlie;Paris;PEARLS;SEASHELLS;9998.0;1
347300;Caesar;Pablo;BANANAS;SEASHELLS;4996.0;1
347500;Paris;Camilla;BANANAS;SEASHELLS;4999.0;2
347500;Paris;Camilla;PEARLS;SEASHELLS;10002.0;2
347800;Charlie;Paris;BANANAS;SEASHELLS;4993.0;1
348300;Caesar;Penelope;BANANAS;SEASHELLS;4994.0;2
348600;Penelope;Charlie;BANANAS;SEASHELLS;5000.0;11
348800;Caesar;Paris;BANANAS;SEASHELLS;4994.0;1
349000;Charlie;Paris;BANANAS;SEASHELLS;4993.0;1
349100;Pablo;Paris;BANANAS;SEASHELLS;4997.0;1
349200;Charlie;Paris;BANANAS;SEASHELLS;4993.0;1
349400;Penelope;Charlie;PEARLS;SEASHELLS;10004.0;6
349400;Paris;Charlie;BANANAS;SEASHELLS;4999.0;1
349400;Penelope;Caesar;PEARLS;SEASHELLS;10004.0;1
349500;Paris;Charlie;BANANAS;SEASHELLS;4999.0;1
349600;Caesar;Paris;PEARLS;SEASHELLS;9996.0;1
349600;Charlie;Paris;BANANAS;SEASHELLS;4993.0;1
349900;Paris;Camilla;BANANAS;SEASHELLS;5000.0;1
350100;Gina;Charlie;BANANAS;SEASHELLS;4999.0;12
350400;Penelope;Camilla;PEARLS;SEASHELLS;10002.0;3
350400;Penelope;Charlie;PEARLS;SEASHELLS;10002.0;3
350400;Charlie;Paris;BANANAS;SEASHELLS;4995.0;1
350700;Charlie;Pablo;PEARLS;SEASHELLS;9998.0;5
350800;Charlie;Paris;BANANAS;SEASHELLS;4994.0;2
350800;Caesar;Paris;PEARLS;SEASHELLS;9996.0;2
350800;Charlie;Paris;BANANAS;SEASHELLS;4995.0;1
350900;Paris;Charlie;PEARLS;SEASHELLS;10002.0;1
351000;Paris;Charlie;BANANAS;SEASHELLS;4999.0;1
351000;Camilla;Paris;PEARLS;SEASHELLS;9998.0;1
351400;Paris;Charlie;BANANAS;SEASHELLS;5001.0;2
351400;Paris;Charlie;PEARLS;SEASHELLS;10005.0;2
351500;Caesar;Paris;BANANAS;SEASHELLS;4994.0;1
351800;Penelope;Caesar;BANANAS;SEASHELLS;4999.0;2
351800;Penelope;Charlie;BANANAS;SEASHELLS;4999.0;7
351800;Penelope;Charlie;PEARLS;SEASHELLS;10004.0;4
351800;Pablo;Charlie;PEARLS;SEASHELLS;10002.0;2
351800;Penelope;Caesar;PEARLS;SEASHELLS;10004.0;2
352200;Paris;Charlie;PEARLS;SEASHELLS;10002.0;1
352800;Caesar;Paris;BANANAS;SEASHELLS;4992.0;1
352900;Paris;Charlie;BANANAS;SEASHELLS;4997.0;1
353100;Charlie;Paris;BANANAS;SEASHELLS;4992.0;1
353100;Caesar;Paris;PEARLS;SEASHELLS;9996.0;1
353200;Pablo;Camilla;PEARLS;SEASHELLS;10002.0;1
353200;Pablo;Charlie;PEARLS;SEASHELLS;10002.0;0
353200;Charlie;Gary;BANANAS;SEASHELLS;4992.0;20
353200;Gina;Camilla;PEARLS;SEASHELLS;10002.0;6
353200;Gina;Charlie;PEARLS;SEASHELLS;10002.0;1
353600;Charlie;Paris;PEARLS;SEASHELLS;9995.0;2
353600;Charlie;Paris;BANANAS;SEASHELLS;4993.0;2
354100;Gina;Charlie;BANANAS;SEASHELLS;4998.0;12
354200;Paris;Camilla;BANANAS;SEASHELLS;4997.0;1
354200;Paris;Caesar;PEARLS;SEASHELLS;10000.0;1
354300;Paris;Camilla;BANANAS;SEASHELLS;4998.0;1
354300;Pablo;Camilla;PEARLS;SEASHELLS;10002.0;3
354700;Paris;Charlie;BANANAS;SEASHELLS;4998.0;1
354800;Charlie;Caesar;BANANAS;SEASHELLS;4994.0;3
355100;Charlie;Paris;BANANAS;SEASHELLS;4992.0;2
355100;Caesar;Paris;PEARLS;SEASHELLS;9996.0;1
355300;Paris;Charlie;BANANAS;SEASHELLS;4997.0;1
355500;Charlie;Paris;PEARLS;SEASHELLS;9998.0;1
356100;Camilla;Paris;BANANAS;SEASHELLS;4993.0;1
356600;Gary;Caesar;PEARLS;SEASHELLS;10004.0;1
356600;Paris;Charlie;PEARLS;SEASHELLS;10002.0;1
356600;Gary;Charlie;PEARLS;SEASHELLS;10004.0;11
357200;Charlie;Paris;BANANAS;SEASHELLS;4990.0;1
357500;Charlie;Penelope;PEARLS;SEASHELLS;9995.0;5
358000;Caesar;Gary;PEARLS;SEASHELLS;9996.0;2
358300;Caesar;Gary;BANANAS;SEASHELLS;4988.0;1
358400;Penelope;Camilla;PEARLS;SEASHELLS;10002.0;7
358500;Charlie;Paris;BANANAS;SEASHELLS;4987.0;1
358600;Paris;Charlie;PEARLS;SEASHELLS;10002.0;1
358600;Charlie;Paris;BANANAS;SEASHELLS;4986.0;1
359200;Pablo;Caesar;BANANAS;SEASHELLS;4991.0;1
359200;Gina;Caesar;BANANAS;SEASHELLS;4991.0;2
359200;Pablo;Camilla;BANANAS;SEASHELLS;4991.0;0
359200;Gina;Camilla;BANANAS;SEASHELLS;4991.0;6
359300;Charlie;Penelope;PEARLS;SEASHELLS;9995.0;6
359400;Penelope;Charlie;BANANAS;SEASHELLS;4993.0;8
359600;Paris;Charlie;PEARLS;SEASHELLS;10002.0;1
359800;Caesar;Paris;BANANAS;SEASHELLS;4987.0;1
359900;Charlie;Paris;BANANAS;SEASHELLS;4986.0;1
359900;Caesar;Paris;PEARLS;SEASHELLS;9996.0;1
360000;Camilla;Pablo;PEARLS;SEASHELLS;9998.0;1
360400;Paris;Charlie;PEARLS;SEASHELLS;10002.0;1
360600;Paris;Camilla;BANANAS;SEASHELLS;4990.0;1
360700;Pablo;Charlie;BANANAS;SEASHELLS;4990.0;4
360800;Gina;Charlie;BANANAS;SEASHELLS;4991.0;8
360900;Camilla;Pablo;PEARLS;SEASHELLS;9998.0;4
361300;Charlie;Paris;PEARLS;SEASHELLS;9996.0;1
361300;Caesar;Paris;PEARLS;SEASHELLS;9996.0;1
361300;Charlie;Paris;BANANAS;SEASHELLS;4985.0;2
361700;Paris;Charlie;BANANAS;SEASHELLS;4990.0;1
362200;Charlie;Penelope;BANANAS;SEASHELLS;4985.0;2
362500;Paris;Camilla;PEARLS;SEASHELLS;10002.0;1
362700;Paris;Charlie;PEARLS;SEASHELLS;10002.0;1
362800;Gina;Camilla;PEARLS;SEASHELLS;10002.0;5
362900;Paris;Caesar;BANANAS;SEASHELLS;4991.0;1
363200;Penelope;Caesar;PEARLS;SEASHELLS;10004.0;1
363200;Penelope;Charlie;PEARLS;SEASHELLS;10004.0;1
363300;Paris;Camilla;BANANAS;SEASHELLS;4990.0;1
364000;Paris;Charlie;PEARLS;SEASHELLS;10002.0;1
364100;Paris;Charlie;BANANAS;SEASHELLS;4990.0;1
364600;Paris;Charlie;BANANAS;SEASHELLS;4990.0;1
365000;Caesar;Paris;BANANAS;SEASHELLS;4986.0;1
365300;Camilla;Penelope;PEARLS;SEASHELLS;9998.0;5
365300;Penelope;Charlie;BANANAS;SEASHELLS;4992.0;12
365300;Paris;Paris;BANANAS;SEASHELLS;4991.0;1
365300;Camilla;Paris;PEARLS;SEASHELLS;9998.0;1
365500;Gary;Charlie;BANANAS;SEASHELLS;4992.0;13
365900;Paris;Charlie;BANANAS;SEASHELLS;4992.0;1
365900;Charlie;Pablo;PEARLS;SEASHELLS;9998.0;5
366100;Charlie;Paris;PEARLS;SEASHELLS;9998.0;1
366500;Pablo;Paris;PEARLS;SEASHELLS;10002.0;1
366700;Charlie;Paris;BANANAS;SEASHELLS;4986.0;1
367000;Camilla;Paris;BANANAS;SEASHELLS;4987.0;1
367100;Caesar;Paris;BANANAS;SEASHELLS;4987.0;1
367100;Gary;Charlie;BANANAS;SEASHELLS;4993.0;16
367200;Paris;Charlie;PEARLS;SEASHELLS;10002.0;1
367300;Charlie;Paris;BANANAS;SEASHELLS;4986.0;1
367900;Charlie;Caesar;BANANAS;SEASHELLS;4988.0;1
368000;Paris;Charlie;BANANAS;SEASHELLS;4993.0;2
368000;Paris;Charlie;PEARLS;SEASHELLS;10005.0;2
368100;Paris;Camilla;BANANAS;SEASHELLS;4991.0;1
368100;Paris;Caesar;PEARLS;SEASHELLS;10004.0;1
368100;Pablo;Camilla;PEARLS;SEASHELLS;10002.0;1
368300;Penelope;Caesar;BANANAS;SEASHELLS;4988.0;3
368700;Charlie;Paris;BANANAS;SEASHELLS;4986.0;1
368700;Charlie;Pablo;PEARLS;SEASHELLS;9998.0;2
368800;Paris;Charlie;BANANAS;SEASHELLS;4993.0;1
368800;Paris;Caesar;PEARLS;SEASHELLS;10004.0;1
369100;Paris;Caesar;PEARLS;SEASHELLS;10004.0;1
369100;Paris;Charlie;BANANAS;SEASHELLS;4992.0;1
369300;Caesar;Paris;BANANAS;SEASHELLS;4986.0;1
369400;Charlie;Gina;BANANAS;SEASHELLS;4986.0;6
369400;Caesar;Gina;BANANAS;SEASHELLS;4986.0;2
369700;Pablo;Charlie;PEARLS;SEASHELLS;10002.0;4
369900;Paris;Charlie;BANANAS;SEASHELLS;4991.0;1
370300;Charlie;Gary;BANANAS;SEASHELLS;4985.0;13
370600;Pablo;Charlie;BANANAS;SEASHELLS;4990.0;1
370700;Paris;Camilla;PEARLS;SEASHELLS;10002.0;1
370800;Camilla;Paris;PEARLS;SEASHELLS;9998.0;1
370900;Charlie;Paris;BANANAS;SEASHELLS;4986.0;1
370900;Charlie;Paris;PEARLS;SEASHELLS;9996.0;1
370900;Caesar;Paris;PEARLS;SEASHELLS;9996.0;1
370900;Charlie;Paris;BANANAS;SEASHELLS;4986.0;2
371200;Charlie;Paris;PEARLS;SEASHELLS;9998.0;1
371300;Paris;Charlie;BANANAS;SEASHELLS;4991.0;1
371400;Camilla;Pablo;PEARLS;SEASHELLS;9998.0;5
371900;Charlie;Pablo;PEARLS;SEASHELLS;9998.0;1
372200;Pablo;Charlie;PEARLS;SEASHELLS;10002.0;5
372600;Caesar;Paris;BANANAS;SEASHELLS;4985.0;1
372700;Paris;Charlie;BANANAS;SEASHELLS;4992.0;2
372700;Paris;Caesar;PEARLS;SEASHELLS;10004.0;2
372900;Caesar;Paris;BANANAS;SEASHELLS;4985.0;1
373500;Charlie;Paris;BANANAS;SEASHELLS;4984.0;1
373500;Charlie;Paris;PEARLS;SEASHELLS;9995.0;1
373800;Paris;Charlie;BANANAS;SEASHELLS;4990.0;1
374000;Pablo;Charlie;PEARLS;SEASHELLS;10002.0;4
374300;Camilla;Paris;PEARLS;SEASHELLS;9998.0;1
374300;Camilla;Paris;BANANAS;SEASHELLS;4985.0;1
374500;Charlie;Gary;BANANAS;SEASHELLS;4984.0;20
374600;Charlie;Paris;PEARLS;SEASHELLS;9998.0;1
374700;Camilla;Gary;BANANAS;SEASHELLS;4985.0;5
375200;Caesar;Paris;BANANAS;SEASHELLS;4984.0;1
375300;Caesar;Penelope;PEARLS;SEASHELLS;9996.0;1
375400;Penelope;Caesar;PEARLS;SEASHELLS;10004.0;1
375400;Charlie;Gary;BANANAS;SEASHELLS;4984.0;16
375500;Camilla;Paris;BANANAS;SEASHELLS;4984.0;1
375900;Paris;Camilla;BANANAS;SEASHELLS;4989.0;1
375900;Pablo;Camilla;PEARLS;SEASHELLS;10002.0;2
376000;Paris;Caesar;BANANAS;SEASHELLS;4990.0;1
376100;Paris;Charlie;BANANAS;SEASHELLS;4990.0;1
376100;Pablo;Charlie;PEARLS;SEASHELLS;10002.0;5
376300;Paris;Caesar;BANANAS;SEASHELLS;4990.0;2
376300;Paris;Caesar;PEARLS;SEASHELLS;10004.0;2
376900;Paris;Caesar;BANANAS;SEASHELLS;4988.0;1
376900;Gina;Gary;BANANAS;SEASHELLS;4988.0;11
377400;Caesar;Penelope;PEARLS;SEASHELLS;9996.0;2
378000;Charlie;Paris;BANANAS;SEASHELLS;4984.0;1
378300;Charlie;Paris;PEARLS;SEASHELLS;9998.0;1
378700;Pablo;Charlie;PEARLS;SEASHELLS;10002.0;4
379200;Camilla;Paris;BANANAS;SEASHELLS;4982.0;1
379300;Charlie;Paris;BANANAS;SEASHELLS;4982.0;1
379400;Caesar;Paris;BANANAS;SEASHELLS;4982.0;1
379600;Paris;Charlie;BANANAS;SEASHELLS;4987.0;1
379700;Caesar;Paris;PEARLS;SEASHELLS;9996.0;1
379700;Charlie;Paris;BANANAS;SEASHELLS;4981.0;2
379800;Paris;Camilla;PEARLS;SEASHELLS;10002.0;1
379800;Paris;Camilla;BANANAS;SEASHELLS;4985.0;1
380400;Charlie;Paris;BANANAS;SEASHELLS;4980.0;1
380700;Paris;Charlie;BANANAS;SEASHELLS;4985.0;1
381000;Penelope;Caesar;PEARLS;SEASHELLS;10004.0;2
381000;Caesar;Penelope;BANANAS;SEASHELLS;4980.0;2
381200;Paris;Caesar;PEARLS;SEASHELLS;10004.0;1
381200;Paris;Charlie;BANANAS;SEASHELLS;4985.0;1
381200;Paris;Caesar;BANANAS;SEASHELLS;4985.0;1
381200;Paris;Charlie;PEARLS;SEASHELLS;10002.0;1
381200;Paris;Charlie;PEARLS;SEASHELLS;10004.0;1
381500;Paris;Charlie;BANANAS;SEASHELLS;4984.0;1
381700;Paris;Charlie;PEARLS;SEASHELLS;10002.0;1
382100;Penelope;Charlie;BANANAS;SEASHELLS;4986.0;10
382200;Paris;Charlie;BANANAS;SEASHELLS;4983.0;1
382500;Charlie;Paris;BANANAS;SEASHELLS;4977.0;1
382600;Caesar;Paris;BANANAS;SEASHELLS;4978.0;1
383200;Pablo;Charlie;BANANAS;SEASHELLS;4983.0;3
383200;Pablo;Paris;BANANAS;SEASHELLS;4983.0;1
383300;Paris;Charlie;PEARLS;SEASHELLS;10002.0;1
383300;Paris;Charlie;BANANAS;SEASHELLS;4984.0;1
383600;Caesar;Paris;PEARLS;SEASHELLS;9996.0;1
383600;Charlie;Paris;BANANAS;SEASHELLS;4980.0;1
383800;Caesar;Paris;BANANAS;SEASHELLS;4981.0;1
384000;Caesar;Penelope;PEARLS;SEASHELLS;9996.0;2
384100;Gina;Pablo;PEARLS;SEASHELLS;9998.0;3
384200;Charlie;Paris;BANANAS;SEASHELLS;4982.0;2
384200;Caesar;Paris;PEARLS;SEASHELLS;9996.0;1
384400;Charlie;Pablo;BANANAS;SEASHELLS;4984.0;2
384500;Paris;Charlie;PEARLS;SEASHELLS;10002.0;1
384500;Paris;Charlie;BANANAS;SEASHELLS;4987.0;1
384600;Camilla;Paris;PEARLS;SEASHELLS;9998.0;1
385400;Charlie;Paris;BANANAS;SEASHELLS;4983.0;1
386000;Charlie;Paris;PEARLS;SEASHELLS;9998.0;1
386000;Paris;Camilla;BANANAS;SEASHELLS;4988.0;1
386500;Paris;Charlie;BANANAS;SEASHELLS;4987.0;1
386500;Pablo;Paris;PEARLS;SEASHELLS;10002.0;1
386500;Pablo;Charlie;PEARLS;SEASHELLS;10002.0;3
386600;Caesar;Paris;PEARLS;SEASHELLS;9996.0;1
386600;Caesar;Paris;BANANAS;SEASHELLS;4982.0;1
387000;Pablo;Charlie;BANANAS;SEASHELLS;4985.0;3
387300;Charlie;Gina;BANANAS;SEASHELLS;4980.0;10
387600;Charlie;Paris;BANANAS;SEASHELLS;4981.0;1
387600;Charlie;Paris;PEARLS;SEASHELLS;9998.0;1
387700;Charlie;Paris;PEARLS;SEASHELLS;9995.0;2
387700;Charlie;Paris;BANANAS;SEASHELLS;4981.0;2
387700;Paris;Camilla;BANANAS;SEASHELLS;4986.0;1
387900;Paris;Charlie;BANANAS;SEASHELLS;4987.0;1
387900;Paris;Charlie;PEARLS;SEASHELLS;10005.0;1
389000;Caesar;Paris;PEARLS;SEASHELLS;9996.0;2
389000;Charlie;Paris;BANANAS;SEASHELLS;4982.0;2
389500;Camilla;Paris;BANANAS;SEASHELLS;4981.0;1
389700;Camilla;Paris;PEARLS;SEASHELLS;9998.0;1
389800;Caesar;Gary;PEARLS;SEASHELLS;9996.0;1
390100;Paris;Camilla;BANANAS;SEASHELLS;4987.0;1
390200;Camilla;Paris;BANANAS;SEASHELLS;4983.0;1
390400;Charlie;Paris;BANANAS;SEASHELLS;4982.0;1
390400;Charlie;Gary;BANANAS;SEASHELLS;4982.0;20
390400;Charlie;Paris;BANANAS;SEASHELLS;0.0;2
390400;Paris;Paris;PEARLS;SEASHELLS;10002.0;1
390500;Paris;Charlie;BANANAS;SEASHELLS;4988.0;1
390700;Paris;Charlie;PEARLS;SEASHELLS;10002.0;1
391000;Paris;Charlie;BANANAS;SEASHELLS;4988.0;1
391100;Caesar;Penelope;PEARLS;SEASHELLS;9996.0;2
391100;Charlie;Gary;BANANAS;SEASHELLS;4983.0;15
392000;Charlie;Caesar;BANANAS;SEASHELLS;4984.0;2
392000;Paris;Caesar;BANANAS;SEASHELLS;4987.0;1
392100;Charlie;Paris;BANANAS;SEASHELLS;4982.0;1
392300;Penelope;Charlie;PEARLS;SEASHELLS;10005.0;2
392500;Penelope;Charlie;BANANAS;SEASHELLS;4989.0;8
393000;Camilla;Paris;PEARLS;SEASHELLS;9998.0;1
393100;Charlie;Paris;PEARLS;SEASHELLS;9998.0;1
393300;Caesar;Paris;PEARLS;SEASHELLS;10000.0;1
393300;Caesar;Paris;PEARLS;SEASHELLS;9998.0;1
393300;Caesar;Paris;BANANAS;SEASHELLS;4980.0;1
393600;Camilla;Paris;PEARLS;SEASHELLS;9998.0;1
393800;Paris;Camilla;BANANAS;SEASHELLS;4985.0;1
394100;Penelope;Caesar;BANANAS;SEASHELLS;4986.0;2
394200;Charlie;Gary;BANANAS;SEASHELLS;4980.0;18
394500;Caesar;Paris;PEARLS;SEASHELLS;9996.0;1
394500;Charlie;Paris;BANANAS;SEASHELLS;4979.0;1
394700;Paris;Caesar;PEARLS;SEASHELLS;10004.0;1
394700;Paris;Charlie;BANANAS;SEASHELLS;4986.0;1
394900;Charlie;Paris;PEARLS;SEASHELLS;9998.0;1
396300;Penelope;Charlie;BANANAS;SEASHELLS;4986.0;7
396600;Paris;Charlie;BANANAS;SEASHELLS;4985.0;1
396700;Caesar;Paris;BANANAS;SEASHELLS;4980.0;2
396700;Caesar;Paris;PEARLS;SEASHELLS;9996.0;2
396800;Pablo;Camilla;PEARLS;SEASHELLS;10002.0;2
396900;Pablo;Charlie;BANANAS;SEASHELLS;4984.0;4
397000;Paris;Charlie;BANANAS;SEASHELLS;4985.0;1
397100;Caesar;Gina;BANANAS;SEASHELLS;4979.0;1
397100;Charlie;Gina;BANANAS;SEASHELLS;4979.0;6
397200;Charlie;Paris;BANANAS;SEASHELLS;4978.0;1
397200;Charlie;Penelope;BANANAS;SEASHELLS;4978.0;10
397600;Charlie;Pablo;BANANAS;SEASHELLS;4978.0;5
397700;Paris;Camilla;PEARLS;SEASHELLS;10002.0;1
398000;Paris;Charlie;BANANAS;SEASHELLS;4982.0;1
398200;Penelope;Charlie;BANANAS;SEASHELLS;4984.0;12
398300;Caesar;Paris;BANANAS;SEASHELLS;4978.0;1
