timestamp;buyer;seller;symbol;currency;price;quantity
100;;;PEARLS;SEASHELLS;10002.0;1
300;;;PEARLS;SEASHELLS;9998.0;2
300;;;PEARLS;SEASHELLS;9998.0;1
400;;;BANANAS;SEASHELLS;4899.0;9
500;;;BANANAS;SEASHELLS;4899.0;1
500;;;PEARLS;SEASHELLS;10004.0;1
500;;;PEARLS;SEASHELLS;10002.0;1
1400;;;BANANAS;SEASHELLS;4891.0;1
1500;;;BANANAS;SEASHELLS;4896.0;1
1500;;;PEARLS;SEASHELLS;10002.0;1
1700;;;PEARLS;SEASHELLS;10005.0;6
2200;;;BANANAS;SEASHELLS;4896.0;16
2400;;;BANANAS;SEASHELLS;4894.0;3
2500;;;BANANAS;SEASHELLS;4891.0;5
2700;;;PEARLS;SEASHELLS;9998.0;5
2800;;;BANANAS;SEASHELLS;4895.0;1
2900;;;PEARLS;SEASHELLS;9998.0;1
3100;;;BANANAS;SEASHELLS;4891.0;1
3300;;;PEARLS;SEASHELLS;9996.0;2
3300;;;PEARLS;SEASHELLS;9996.0;2
3700;;;BANANAS;SEASHELLS;4897.0;1
4200;;;BANANAS;SEASHELLS;4893.0;2
4200;;;BANANAS;SEASHELLS;4893.0;10
4300;;;BANANAS;SEASHELLS;4892.0;1
4300;;;PEARLS;SEASHELLS;9996.0;2
4300;;;PEARLS;SEASHELLS;9996.0;1
4300;;;PEARLS;SEASHELLS;9995.0;1
4400;;;BANANAS;SEASHELLS;4893.0;1
4400;;;PEARLS;SEASHELLS;9998.0;1
4700;;;BANANAS;SEASHELLS;4893.0;8
4700;;;BANANAS;SEASHELLS;4893.0;4
4800;;;BANANAS;SEASHELLS;4898.0;1
4800;;;PEARLS;SEASHELLS;10002.0;3
4900;;;PEARLS;SEASHELLS;9998.0;4
4900;;;PEARLS;SEASHELLS;9998.0;1
5100;;;BANANAS;SEASHELLS;4894.0;1
5100;;;BANANAS;SEASHELLS;4894.0;2
6200;;;BANANAS;SEASHELLS;4895.0;12
6200;;;BANANAS;SEASHELLS;4895.0;1
6300;;;BANANAS;SEASHELLS;4901.0;6
6300;;;BANANAS;SEASHELLS;4894.0;1
6600;;;BANANAS;SEASHELLS;4901.0;18
6700;;;PEARLS;SEASHELLS;10002.0;4
6800;;;PEARLS;SEASHELLS;9996.0;1
6800;;;PEARLS;SEASHELLS;9998.0;1
6800;;;PEARLS;SEASHELLS;9996.0;1
6800;;;BANANAS;SEASHELLS;4894.0;1
6800;;;BANANAS;SEASHELLS;4894.0;1
7200;;;BANANAS;SEASHELLS;4899.0;1
7200;;;PEARLS;SEASHELLS;10004.0;1
7400;;;PEARLS;SEASHELLS;10002.0;1
7600;;;BANANAS;SEASHELLS;4895.0;2
7700;;;BANANAS;SEASHELLS;4900.0;1
7700;;;BANANAS;SEASHELLS;4901.0;1
7700;;;PEARLS;SEASHELLS;10005.0;1
7800;;;BANANAS;SEASHELLS;4900.0;1
7900;;;BANANAS;SEASHELLS;4900.0;1
7900;;;PEARLS;SEASHELLS;10002.0;1
8200;;;BANANAS;SEASHELLS;4901.0;2
8200;;;PEARLS;SEASHELLS;9998.0;1
8700;;;BANANAS;SEASHELLS;4898.0;1
8900;;;PEARLS;SEASHELLS;10002.0;5
9600;;;BANANAS;SEASHELLS;4896.0;1
10300;;;PEARLS;SEASHELLS;10004.0;2
10300;;;BANANAS;SEASHELLS;4896.0;2
10600;;;PEARLS;SEASHELLS;9998.0;1
10600;;;PEARLS;SEASHELLS;9998.0;1
10800;;;PEARLS;SEASHELLS;10002.0;1
10800;;;BANANAS;SEASHELLS;4895.0;1
11100;;;PEARLS;SEASHELLS;9996.0;2
11300;;;BANANAS;SEASHELLS;4898.0;1
11400;;;PEARLS;SEASHELLS;9998.0;1
12100;;;PEARLS;SEASHELLS;10002.0;1
12300;;;PEARLS;SEASHELLS;10002.0;1
12500;;;PEARLS;SEASHELLS;10002.0;5
13700;;;PEARLS;SEASHELLS;9998.0;1
14000;;;PEARLS;SEASHELLS;9996.0;1
14000;;;BANANAS;SEASHELLS;4899.0;1
14300;;;BANANAS;SEASHELLS;4894.0;1
14500;;;BANANAS;SEASHELLS;4894.0;1
14800;;;BANANAS;SEASHELLS;4894.0;1
15100;;;BANANAS;SEASHELLS;4899.0;1
15100;;;PEARLS;SEASHELLS;10002.0;1
15400;;;PEARLS;SEASHELLS;10002.0;1
15400;;;BANANAS;SEASHELLS;4898.0;1
15800;;;PEARLS;SEASHELLS;9998.0;4
16000;;;BANANAS;SEASHELLS;4892.0;10
16700;;;BANANAS;SEASHELLS;4893.0;1
16800;;;BANANAS;SEASHELLS;4898.0;2
16800;;;PEARLS;SEASHELLS;10002.0;2
17100;;;BANANAS;SEASHELLS;4894.0;1
17300;;;BANANAS;SEASHELLS;4895.0;2
17300;;;PEARLS;SEASHELLS;9998.0;1
18600;;;PEARLS;SEASHELLS;10002.0;1
18900;;;PEARLS;SEASHELLS;10004.0;1
18900;;;BANANAS;SEASHELLS;4901.0;2
19000;;;BANANAS;SEASHELLS;4894.0;1
20100;;;PEARLS;SEASHELLS;9998.0;1
20300;;;BANANAS;SEASHELLS;4893.0;10
20600;;;PEARLS;SEASHELLS;10004.0;1
20600;;;BANANAS;SEASHELLS;4899.0;1
20800;;;BANANAS;SEASHELLS;4896.0;1
20900;;;PEARLS;SEASHELLS;10004.0;1
21100;;;BANANAS;SEASHELLS;4891.0;1
21100;;;BANANAS;SEASHELLS;4891.0;1
21100;;;PEARLS;SEASHELLS;9998.0;1
21100;;;PEARLS;SEASHELLS;9998.0;1
21300;;;BANANAS;SEASHELLS;4891.0;1
21500;;;BANANAS;SEASHELLS;4896.0;4
21600;;;PEARLS;SEASHELLS;10002.0;1
21600;;;BANANAS;SEASHELLS;4892.0;1
21800;;;BANANAS;SEASHELLS;4893.0;1
21900;;;BANANAS;SEASHELLS;4893.0;1
21900;;;PEARLS;SEASHELLS;9996.0;1
22000;;;BANANAS;SEASHELLS;4892.0;1
22000;;;PEARLS;SEASHELLS;10000.0;2
22100;;;BANANAS;SEASHELLS;4892.0;1
22100;;;PEARLS;SEASHELLS;9996.0;1
22400;;;PEARLS;SEASHELLS;10002.0;1
22400;;;PEARLS;SEASHELLS;10002.0;2
22500;;;PEARLS;SEASHELLS;10002.0;6
23200;;;BANANAS;SEASHELLS;4891.0;14
23200;;;PEARLS;SEASHELLS;9998.0;1
23600;;;BANANAS;SEASHELLS;4895.0;3
23900;;;BANANAS;SEASHELLS;4896.0;1
24200;;;PEARLS;SEASHELLS;9998.0;1
24300;;;PEARLS;SEASHELLS;10002.0;1
24300;;;PEARLS;SEASHELLS;10002.0;5
24500;;;PEARLS;SEASHELLS;9998.0;1
24500;;;BANANAS;SEASHELLS;4894.0;4
24500;;;PEARLS;SEASHELLS;9998.0;1
24500;;;BANANAS;SEASHELLS;4894.0;1
24700;;;BANANAS;SEASHELLS;4896.0;1
24700;;;PEARLS;SEASHELLS;10004.0;1
25100;;;BANANAS;SEASHELLS;4892.0;6
25100;;;BANANAS;SEASHELLS;4892.0;2
25100;;;BANANAS;SEASHELLS;4892.0;1
25100;;;PEARLS;SEASHELLS;10005.0;2
25200;;;BANANAS;SEASHELLS;4890.0;1
25300;;;BANANAS;SEASHELLS;4890.0;1
25300;;;PEARLS;SEASHELLS;9996.0;1
25400;;;PEARLS;SEASHELLS;10004.0;1
25400;;;BANANAS;SEASHELLS;4896.0;1
26400;;;BANANAS;SEASHELLS;4888.0;1
26500;;;BANANAS;SEASHELLS;4893.0;1
26500;;;PEARLS;SEASHELLS;10002.0;2
26500;;;BANANAS;SEASHELLS;4893.0;2
26600;;;PEARLS;SEASHELLS;10002.0;3
26900;;;PEARLS;SEASHELLS;9998.0;1
27200;;;BANANAS;SEASHELLS;4893.0;3
27400;;;PEARLS;SEASHELLS;10004.0;1
27500;;;BANANAS;SEASHELLS;4890.0;1
27600;;;PEARLS;SEASHELLS;9998.0;1
27700;;;BANANAS;SEASHELLS;4895.0;3
27700;;;PEARLS;SEASHELLS;9996.0;4
27700;;;PEARLS;SEASHELLS;9996.0;2
27900;;;PEARLS;SEASHELLS;9998.0;4
28000;;;BANANAS;SEASHELLS;4893.0;1
28000;;;PEARLS;SEASHELLS;10002.0;1
28100;;;PEARLS;SEASHELLS;9995.0;1
28100;;;BANANAS;SEASHELLS;4888.0;1
28600;;;BANANAS;SEASHELLS;4888.0;1
28700;;;PEARLS;SEASHELLS;9996.0;1
28700;;;PEARLS;SEASHELLS;9996.0;7
29000;;;BANANAS;SEASHELLS;4894.0;1
29000;;;PEARLS;SEASHELLS;10005.0;1
29200;;;PEARLS;SEASHELLS;10002.0;1
29200;;;PEARLS;SEASHELLS;10002.0;1
29300;;;BANANAS;SEASHELLS;4888.0;1
29400;;;BANANAS;SEASHELLS;4892.0;4
29900;;;PEARLS;SEASHELLS;10002.0;4
30000;;;BANANAS;SEASHELLS;4893.0;1
30600;;;BANANAS;SEASHELLS;4893.0;2
30700;;;BANANAS;SEASHELLS;4891.0;3
30700;;;BANANAS;SEASHELLS;4891.0;1
31200;;;BANANAS;SEASHELLS;4887.0;1
31500;;;BANANAS;SEASHELLS;4888.0;1
31700;;;PEARLS;SEASHELLS;9998.0;3
31700;;;PEARLS;SEASHELLS;9998.0;1
31700;;;BANANAS;SEASHELLS;4892.0;1
32000;;;PEARLS;SEASHELLS;10002.0;1
32200;;;BANANAS;SEASHELLS;4892.0;1
32300;;;PEARLS;SEASHELLS;10002.0;1
32400;;;BANANAS;SEASHELLS;4886.0;1
32700;;;PEARLS;SEASHELLS;10002.0;1
33600;;;BANANAS;SEASHELLS;4885.0;1
33700;;;PEARLS;SEASHELLS;9998.0;1
33700;;;BANANAS;SEASHELLS;4885.0;7
33800;;;PEARLS;SEASHELLS;10002.0;1
33900;;;PEARLS;SEASHELLS;10005.0;2
33900;;;BANANAS;SEASHELLS;4891.0;2
34100;;;BANANAS;SEASHELLS;4885.0;1
34200;;;BANANAS;SEASHELLS;4885.0;1
34200;;;PEARLS;SEASHELLS;9995.0;2
34200;;;PEARLS;SEASHELLS;9996.0;1
34200;;;BANANAS;SEASHELLS;4885.0;1
34200;;;PEARLS;SEASHELLS;9996.0;2
34300;;;BANANAS;SEASHELLS;4885.0;1
34400;;;BANANAS;SEASHELLS;4884.0;1
34700;;;PEARLS;SEASHELLS;9998.0;5
34800;;;PEARLS;SEASHELLS;10002.0;1
34900;;;BANANAS;SEASHELLS;4884.0;1
34900;;;BANANAS;SEASHELLS;4884.0;2
35500;;;BANANAS;SEASHELLS;4883.0;1
35600;;;BANANAS;SEASHELLS;4883.0;1
35700;;;PEARLS;SEASHELLS;10002.0;1
35700;;;PEARLS;SEASHELLS;10002.0;1
35900;;;BANANAS;SEASHELLS;4884.0;1
36000;;;PEARLS;SEASHELLS;9998.0;1
36300;;;BANANAS;SEASHELLS;4884.0;1
36500;;;PEARLS;SEASHELLS;9996.0;1
36700;;;BANANAS;SEASHELLS;4889.0;1
36700;;;BANANAS;SEASHELLS;4885.0;1
36700;;;PEARLS;SEASHELLS;10002.0;1
36800;;;PEARLS;SEASHELLS;10002.0;1
37100;;;BANANAS;SEASHELLS;4889.0;1
37200;;;PEARLS;SEASHELLS;9998.0;1
37300;;;PEARLS;SEASHELLS;10002.0;7
37300;;;PEARLS;SEASHELLS;10002.0;5
37700;;;BANANAS;SEASHELLS;4888.0;1
37800;;;BANANAS;SEASHELLS;4883.0;4
37900;;;BANANAS;SEASHELLS;4884.0;1
38100;;;BANANAS;SEASHELLS;4883.0;1
38200;;;PEARLS;SEASHELLS;9998.0;2
38200;;;PEARLS;SEASHELLS;9998.0;5
38300;;;BANANAS;SEASHELLS;4883.0;6
38400;;;BANANAS;SEASHELLS;4883.0;1
38500;;;PEARLS;SEASHELLS;10002.0;1
38500;;;BANANAS;SEASHELLS;4888.0;1
38600;;;PEARLS;SEASHELLS;10002.0;5
38900;;;PEARLS;SEASHELLS;10002.0;4
39400;;;BANANAS;SEASHELLS;4891.0;1
39400;;;PEARLS;SEASHELLS;10004.0;1
39600;;;PEARLS;SEASHELLS;10005.0;2
39700;;;PEARLS;SEASHELLS;10005.0;8
39700;;;PEARLS;SEASHELLS;9995.0;2
39700;;;BANANAS;SEASHELLS;4890.0;1
39700;;;PEARLS;SEASHELLS;10005.0;1
40000;;;BANANAS;SEASHELLS;4888.0;5
40100;;;PEARLS;SEASHELLS;10002.0;1
40300;;;PEARLS;SEASHELLS;9996.0;1
40300;;;PEARLS;SEASHELLS;9996.0;5
41000;;;BANANAS;SEASHELLS;4886.0;4
41400;;;BANANAS;SEASHELLS;4885.0;1
41500;;;PEARLS;SEASHELLS;9998.0;1
42200;;;BANANAS;SEASHELLS;4887.0;2
42200;;;PEARLS;SEASHELLS;9995.0;2
42300;;;PEARLS;SEASHELLS;10005.0;1
42300;;;BANANAS;SEASHELLS;4892.0;1
42300;;;BANANAS;SEASHELLS;4894.0;1
42500;;;BANANAS;SEASHELLS;4886.0;3
42500;;;BANANAS;SEASHELLS;4886.0;1
42700;;;BANANAS;SEASHELLS;4886.0;1
43200;;;PEARLS;SEASHELLS;10002.0;1
43400;;;BANANAS;SEASHELLS;4887.0;1
43800;;;PEARLS;SEASHELLS;9998.0;1
44000;;;PEARLS;SEASHELLS;10002.0;4
44100;;;BANANAS;SEASHELLS;4886.0;2
44100;;;PEARLS;SEASHELLS;9996.0;2
44100;;;BANANAS;SEASHELLS;4887.0;1
44200;;;PEARLS;SEASHELLS;9998.0;2
44500;;;PEARLS;SEASHELLS;9996.0;1
44500;;;BANANAS;SEASHELLS;4886.0;1
44700;;;PEARLS;SEASHELLS;9996.0;1
44700;;;BANANAS;SEASHELLS;4886.0;1
45100;;;PEARLS;SEASHELLS;9998.0;1
45300;;;PEARLS;SEASHELLS;9998.0;1
45300;;;BANANAS;SEASHELLS;4888.0;1
45600;;;BANANAS;SEASHELLS;4894.0;1
46000;;;PEARLS;SEASHELLS;9998.0;5
46000;;;PEARLS;SEASHELLS;9996.0;2
46000;;;PEARLS;SEASHELLS;9996.0;1
46100;;;BANANAS;SEASHELLS;4891.0;1
46200;;;BANANAS;SEASHELLS;4892.0;2
46500;;;BANANAS;SEASHELLS;4891.0;1
46800;;;PEARLS;SEASHELLS;9998.0;1
46900;;;BANANAS;SEASHELLS;4895.0;1
47000;;;PEARLS;SEASHELLS;9995.0;2
47000;;;BANANAS;SEASHELLS;4889.0;2
47100;;;BANANAS;SEASHELLS;4890.0;1
47200;;;BANANAS;SEASHELLS;4895.0;1
47600;;;BANANAS;SEASHELLS;4889.0;2
47600;;;PEARLS;SEASHELLS;9995.0;2
47700;;;PEARLS;SEASHELLS;9998.0;1
48300;;;BANANAS;SEASHELLS;4895.0;1
48700;;;PEARLS;SEASHELLS;10002.0;2
48900;;;BANANAS;SEASHELLS;4890.0;1
49100;;;BANANAS;SEASHELLS;4891.0;2
49100;;;PEARLS;SEASHELLS;9998.0;2
49300;;;BANANAS;SEASHELLS;4896.0;1
49700;;;PEARLS;SEASHELLS;10002.0;1
49800;;;PEARLS;SEASHELLS;9998.0;1
49900;;;PEARLS;SEASHELLS;10002.0;1
50100;;;PEARLS;SEASHELLS;10004.0;2
50100;;;BANANAS;SEASHELLS;4896.0;2
50300;;;PEARLS;SEASHELLS;10002.0;1
50400;;;PEARLS;SEASHELLS;10002.0;4
50600;;;BANANAS;SEASHELLS;4895.0;1
50700;;;BANANAS;SEASHELLS;4891.0;1
50800;;;PEARLS;SEASHELLS;9998.0;1
52300;;;BANANAS;SEASHELLS;4897.0;1
52700;;;PEARLS;SEASHELLS;9998.0;1
52700;;;PEARLS;SEASHELLS;9995.0;2
52700;;;BANANAS;SEASHELLS;4891.0;2
53400;;;BANANAS;SEASHELLS;4893.0;1
53600;;;PEARLS;SEASHELLS;9998.0;2
53600;;;BANANAS;SEASHELLS;4893.0;1
54400;;;BANANAS;SEASHELLS;4892.0;1
54500;;;BANANAS;SEASHELLS;4892.0;1
54700;;;PEARLS;SEASHELLS;9998.0;1
55000;;;PEARLS;SEASHELLS;9998.0;1
55000;;;BANANAS;SEASHELLS;4900.0;1
55900;;;BANANAS;SEASHELLS;4901.0;3
56600;;;PEARLS;SEASHELLS;10004.0;1
56700;;;BANANAS;SEASHELLS;4894.0;1
56800;;;BANANAS;SEASHELLS;4894.0;1
57000;;;BANANAS;SEASHELLS;4893.0;2
57000;;;PEARLS;SEASHELLS;9995.0;2
57000;;;BANANAS;SEASHELLS;4893.0;4
57200;;;BANANAS;SEASHELLS;4896.0;2
57300;;;PEARLS;SEASHELLS;10002.0;1
57400;;;BANANAS;SEASHELLS;4893.0;1
58000;;;BANANAS;SEASHELLS;4893.0;1
58100;;;BANANAS;SEASHELLS;4893.0;1
58800;;;PEARLS;SEASHELLS;9998.0;1
58900;;;PEARLS;SEASHELLS;9998.0;1
59000;;;PEARLS;SEASHELLS;9998.0;9
59100;;;PEARLS;SEASHELLS;9998.0;2
59100;;;BANANAS;SEASHELLS;4894.0;12
59300;;;PEARLS;SEASHELLS;9998.0;1
59300;;;PEARLS;SEASHELLS;9998.0;2
59400;;;PEARLS;SEASHELLS;10002.0;3
59900;;;PEARLS;SEASHELLS;10004.0;2
59900;;;PEARLS;SEASHELLS;10002.0;1
59900;;;BANANAS;SEASHELLS;4900.0;2
60100;;;PEARLS;SEASHELLS;9998.0;1
60200;;;PEARLS;SEASHELLS;9998.0;1
60400;;;PEARLS;SEASHELLS;9998.0;2
60500;;;PEARLS;SEASHELLS;9996.0;1
60500;;;BANANAS;SEASHELLS;4893.0;1
61000;;;BANANAS;SEASHELLS;4900.0;1
61000;;;PEARLS;SEASHELLS;10004.0;1
61100;;;BANANAS;SEASHELLS;4895.0;2
61500;;;PEARLS;SEASHELLS;10002.0;6
62200;;;BANANAS;SEASHELLS;4892.0;1
62800;;;PEARLS;SEASHELLS;9996.0;7
62800;;;PEARLS;SEASHELLS;9996.0;1
62900;;;BANANAS;SEASHELLS;4900.0;1
62900;;;PEARLS;SEASHELLS;10004.0;1
63000;;;BANANAS;SEASHELLS;4899.0;2
63500;;;PEARLS;SEASHELLS;9998.0;1
63700;;;PEARLS;SEASHELLS;9998.0;1
63700;;;BANANAS;SEASHELLS;4895.0;1
63800;;;BANANAS;SEASHELLS;4894.0;1
63900;;;BANANAS;SEASHELLS;4895.0;1
64300;;;BANANAS;SEASHELLS;4902.0;5
64400;;;BANANAS;SEASHELLS;4894.0;1
64600;;;BANANAS;SEASHELLS;4895.0;1
64900;;;BANANAS;SEASHELLS;4895.0;1
65100;;;PEARLS;SEASHELLS;10004.0;1
65100;;;BANANAS;SEASHELLS;4902.0;1
65300;;;BANANAS;SEASHELLS;4900.0;1
65300;;;PEARLS;SEASHELLS;10002.0;1
65400;;;PEARLS;SEASHELLS;9998.0;1
66000;;;PEARLS;SEASHELLS;9996.0;1
66000;;;BANANAS;SEASHELLS;4894.0;2
66100;;;PEARLS;SEASHELLS;9995.0;6
66500;;;BANANAS;SEASHELLS;4892.0;10
66500;;;BANANAS;SEASHELLS;4892.0;1
67000;;;BANANAS;SEASHELLS;4893.0;5
67000;;;PEARLS;SEASHELLS;10002.0;4
67100;;;PEARLS;SEASHELLS;9996.0;1
67300;;;BANANAS;SEASHELLS;4891.0;1
67300;;;BANANAS;SEASHELLS;4891.0;17
67700;;;PEARLS;SEASHELLS;10002.0;1
68000;;;BANANAS;SEASHELLS;4892.0;16
68700;;;BANANAS;SEASHELLS;4899.0;18
69400;;;PEARLS;SEASHELLS;10002.0;4
69500;;;PEARLS;SEASHELLS;10002.0;1
69500;;;PEARLS;SEASHELLS;10002.0;1
69600;;;PEARLS;SEASHELLS;10002.0;1
69600;;;BANANAS;SEASHELLS;4898.0;1
69800;;;BANANAS;SEASHELLS;4895.0;1
70400;;;PEARLS;SEASHELLS;10002.0;5
70600;;;PEARLS;SEASHELLS;9996.0;2
70700;;;PEARLS;SEASHELLS;10002.0;2
70700;;;BANANAS;SEASHELLS;4899.0;2
70800;;;BANANAS;SEASHELLS;4895.0;1
70900;;;PEARLS;SEASHELLS;10005.0;1
70900;;;PEARLS;SEASHELLS;10005.0;12
70900;;;BANANAS;SEASHELLS;4901.0;1
71000;;;BANANAS;SEASHELLS;4899.0;1
71400;;;BANANAS;SEASHELLS;4896.0;1
72200;;;BANANAS;SEASHELLS;4893.0;9
72200;;;BANANAS;SEASHELLS;4893.0;1
72500;;;BANANAS;SEASHELLS;4899.0;1
72500;;;PEARLS;SEASHELLS;10004.0;1
73400;;;PEARLS;SEASHELLS;9998.0;1
73700;;;BANANAS;SEASHELLS;4898.0;1
74300;;;BANANAS;SEASHELLS;4897.0;1
74300;;;BANANAS;SEASHELLS;4892.0;11
74400;;;BANANAS;SEASHELLS;4891.0;1
74600;;;BANANAS;SEASHELLS;4891.0;1
74600;;;PEARLS;SEASHELLS;10004.0;2
74800;;;PEARLS;SEASHELLS;9998.0;2
74900;;;PEARLS;SEASHELLS;9998.0;1
75200;;;BANANAS;SEASHELLS;4895.0;7
75200;;;BANANAS;SEASHELLS;4895.0;6
75400;;;BANANAS;SEASHELLS;4896.0;5
75800;;;BANANAS;SEASHELLS;4899.0;1
75800;;;PEARLS;SEASHELLS;10004.0;1
76000;;;BANANAS;SEASHELLS;4892.0;20
77100;;;BANANAS;SEASHELLS;4894.0;1
77700;;;PEARLS;SEASHELLS;9998.0;1
78000;;;BANANAS;SEASHELLS;4895.0;1
78100;;;PEARLS;SEASHELLS;10002.0;1
78400;;;PEARLS;SEASHELLS;10004.0;5
78400;;;PEARLS;SEASHELLS;10004.0;2
78600;;;PEARLS;SEASHELLS;9996.0;2
78800;;;BANANAS;SEASHELLS;4900.0;1
79100;;;BANANAS;SEASHELLS;4895.0;1
79300;;;PEARLS;SEASHELLS;9996.0;1
79300;;;BANANAS;SEASHELLS;4895.0;1
79500;;;PEARLS;SEASHELLS;10004.0;1
79500;;;BANANAS;SEASHELLS;4902.0;1
79800;;;BANANAS;SEASHELLS;4900.0;1
79900;;;BANANAS;SEASHELLS;4894.0;2
79900;;;PEARLS;SEASHELLS;9998.0;2
80000;;;BANANAS;SEASHELLS;4894.0;1
80000;;;BANANAS;SEASHELLS;4894.0;1
80300;;;PEARLS;SEASHELLS;9998.0;3
80400;;;BANANAS;SEASHELLS;4899.0;1
80400;;;PEARLS;SEASHELLS;9998.0;1
80600;;;PEARLS;SEASHELLS;9998.0;1
80700;;;PEARLS;SEASHELLS;9998.0;1
81500;;;BANANAS;SEASHELLS;4894.0;1
81500;;;PEARLS;SEASHELLS;10002.0;1
81700;;;BANANAS;SEASHELLS;4895.0;1
81800;;;BANANAS;SEASHELLS;4900.0;1
82100;;;BANANAS;SEASHELLS;4900.0;19
82200;;;PEARLS;SEASHELLS;9998.0;4
82500;;;BANANAS;SEASHELLS;4898.0;1
83000;;;PEARLS;SEASHELLS;9998.0;1
83400;;;PEARLS;SEASHELLS;10002.0;1
83800;;;BANANAS;SEASHELLS;4900.0;1
83800;;;PEARLS;SEASHELLS;10005.0;1
84100;;;BANANAS;SEASHELLS;4896.0;1
84100;;;PEARLS;SEASHELLS;10002.0;1
84200;;;BANANAS;SEASHELLS;4892.0;2
84500;;;BANANAS;SEASHELLS;4891.0;1
84500;;;PEARLS;SEASHELLS;9996.0;1
84800;;;BANANAS;SEASHELLS;4896.0;1
84800;;;PEARLS;SEASHELLS;10002.0;1
85200;;;BANANAS;SEASHELLS;4896.0;1
85200;;;PEARLS;SEASHELLS;10002.0;1
85400;;;BANANAS;SEASHELLS;4896.0;1
85500;;;PEARLS;SEASHELLS;9998.0;7
85600;;;PEARLS;SEASHELLS;9996.0;2
85700;;;BANANAS;SEASHELLS;4891.0;3
85800;;;BANANAS;SEASHELLS;4892.0;1
85800;;;PEARLS;SEASHELLS;10002.0;1
85900;;;PEARLS;SEASHELLS;9996.0;1
86200;;;PEARLS;SEASHELLS;9998.0;2
86600;;;BANANAS;SEASHELLS;4896.0;1
86900;;;BANANAS;SEASHELLS;4895.0;1
87100;;;PEARLS;SEASHELLS;9998.0;1
87100;;;BANANAS;SEASHELLS;4895.0;4
87100;;;BANANAS;SEASHELLS;4895.0;6
87500;;;BANANAS;SEASHELLS;4895.0;1
87900;;;BANANAS;SEASHELLS;4895.0;1
88500;;;PEARLS;SEASHELLS;10002.0;1
88600;;;BANANAS;SEASHELLS;4895.0;8
88600;;;PEARLS;SEASHELLS;10002.0;1
88700;;;PEARLS;SEASHELLS;9995.0;8
88900;;;PEARLS;SEASHELLS;10002.0;1
88900;;;PEARLS;SEASHELLS;10002.0;4
89100;;;BANANAS;SEASHELLS;4895.0;2
89100;;;PEARLS;SEASHELLS;10005.0;2
89300;;;PEARLS;SEASHELLS;9996.0;2
89300;;;BANANAS;SEASHELLS;4888.0;2
89500;;;BANANAS;SEASHELLS;4893.0;1
89800;;;PEARLS;SEASHELLS;9998.0;1
89800;;;PEARLS;SEASHELLS;10004.0;1
89800;;;BANANAS;SEASHELLS;4893.0;1
89800;;;PEARLS;SEASHELLS;10005.0;2
90200;;;PEARLS;SEASHELLS;9998.0;2
90200;;;PEARLS;SEASHELLS;9998.0;1
90400;;;PEARLS;SEASHELLS;9996.0;1
91200;;;BANANAS;SEASHELLS;4893.0;1
91200;;;PEARLS;SEASHELLS;10002.0;1
91300;;;PEARLS;SEASHELLS;9998.0;2
91300;;;PEARLS;SEASHELLS;9998.0;1
91300;;;PEARLS;SEASHELLS;9998.0;7
91300;;;PEARLS;SEASHELLS;9998.0;0
91600;;;PEARLS;SEASHELLS;9998.0;1
91600;;;BANANAS;SEASHELLS;4889.0;1
91800;;;BANANAS;SEASHELLS;4890.0;2
91800;;;PEARLS;SEASHELLS;9998.0;3
91900;;;PEARLS;SEASHELLS;9998.0;1
92400;;;BANANAS;SEASHELLS;4895.0;17
92400;;;BANANAS;SEASHELLS;4894.0;1
93200;;;BANANAS;SEASHELLS;4895.0;2
93200;;;PEARLS;SEASHELLS;10004.0;10
93200;;;PEARLS;SEASHELLS;10005.0;2
93200;;;PEARLS;SEASHELLS;10002.0;3
93200;;;PEARLS;SEASHELLS;10004.0;2
93300;;;PEARLS;SEASHELLS;10002.0;1
93700;;;BANANAS;SEASHELLS;4894.0;1
94000;;;BANANAS;SEASHELLS;4894.0;1
94400;;;PEARLS;SEASHELLS;9998.0;1
95500;;;PEARLS;SEASHELLS;9998.0;1
95700;;;PEARLS;SEASHELLS;9998.0;1
95800;;;BANANAS;SEASHELLS;4891.0;2
95800;;;PEARLS;SEASHELLS;9998.0;1
95800;;;PEARLS;SEASHELLS;9996.0;2
96100;;;BANANAS;SEASHELLS;4892.0;4
96600;;;BANANAS;SEASHELLS;4891.0;1
96600;;;PEARLS;SEASHELLS;10002.0;1
96900;;;BANANAS;SEASHELLS;4897.0;1
97100;;;BANANAS;SEASHELLS;4898.0;1
97100;;;PEARLS;SEASHELLS;10004.0;1
97200;;;BANANAS;SEASHELLS;4892.0;17
97800;;;BANANAS;SEASHELLS;4899.0;1
97800;;;PEARLS;SEASHELLS;10005.0;1
98500;;;BANANAS;SEASHELLS;4892.0;2
98700;;;PEARLS;SEASHELLS;10004.0;2
98700;;;BANANAS;SEASHELLS;4897.0;2
98800;;;BANANAS;SEASHELLS;4893.0;2
98800;;;PEARLS;SEASHELLS;9996.0;1
98800;;;PEARLS;SEASHELLS;9998.0;1
98800;;;PEARLS;SEASHELLS;9996.0;1
98900;;;BANANAS;SEASHELLS;4890.0;7
99800;;;PEARLS;SEASHELLS;9998.0;1
99800;;;BANANAS;SEASHELLS;4890.0;1
99800;;;BANANAS;SEASHELLS;4891.0;8
99800;;;BANANAS;SEASHELLS;4891.0;3
100400;;;BANANAS;SEASHELLS;4893.0;1
100400;;;PEARLS;SEASHELLS;9998.0;1
100600;;;BANANAS;SEASHELLS;4897.0;1
100600;;;PEARLS;SEASHELLS;9998.0;1
100900;;;PEARLS;SEASHELLS;10002.0;1
101000;;;BANANAS;SEASHELLS;4894.0;9
101000;;;BANANAS;SEASHELLS;4894.0;6
101100;;;BANANAS;SEASHELLS;4899.0;1
101700;;;BANANAS;SEASHELLS;4896.0;1
101700;;;BANANAS;SEASHELLS;4895.0;1
101700;;;PEARLS;SEASHELLS;10002.0;1
102300;;;PEARLS;SEASHELLS;10005.0;1
102300;;;BANANAS;SEASHELLS;4895.0;1
102300;;;BANANAS;SEASHELLS;4901.0;1
102600;;;PEARLS;SEASHELLS;9998.0;1
102900;;;BANANAS;SEASHELLS;4901.0;1
103700;;;PEARLS;SEASHELLS;9998.0;1
103900;;;PEARLS;SEASHELLS;9998.0;1
104000;;;PEARLS;SEASHELLS;9998.0;2
104300;;;BANANAS;SEASHELLS;4896.0;3
104500;;;BANANAS;SEASHELLS;4897.0;5
104800;;;PEARLS;SEASHELLS;9998.0;2
105000;;;PEARLS;SEASHELLS;9995.0;5
105500;;;BANANAS;SEASHELLS;4898.0;1
105700;;;PEARLS;SEASHELLS;9998.0;3
106100;;;BANANAS;SEASHELLS;4902.0;8
106100;;;PEARLS;SEASHELLS;10002.0;1
106400;;;BANANAS;SEASHELLS;4898.0;1
106500;;;BANANAS;SEASHELLS;4904.0;1
106500;;;PEARLS;SEASHELLS;10005.0;1
106800;;;PEARLS;SEASHELLS;9998.0;1
106800;;;BANANAS;SEASHELLS;4899.0;1
107000;;;BANANAS;SEASHELLS;4898.0;1
107300;;;BANANAS;SEASHELLS;4903.0;5
107400;;;BANANAS;SEASHELLS;4906.0;10
107800;;;BANANAS;SEASHELLS;4898.0;1
107800;;;PEARLS;SEASHELLS;9996.0;1
107900;;;BANANAS;SEASHELLS;4904.0;1
108300;;;PEARLS;SEASHELLS;9998.0;1
108300;;;BANANAS;SEASHELLS;4899.0;1
108300;;;BANANAS;SEASHELLS;4900.0;6
108400;;;BANANAS;SEASHELLS;4900.0;9
108600;;;BANANAS;SEASHELLS;4900.0;1
108600;;;PEARLS;SEASHELLS;9998.0;4
108600;;;PEARLS;SEASHELLS;9998.0;1
108800;;;BANANAS;SEASHELLS;4904.0;1
108800;;;PEARLS;SEASHELLS;10004.0;2
108800;;;BANANAS;SEASHELLS;4905.0;2
108900;;;PEARLS;SEASHELLS;9996.0;1
108900;;;PEARLS;SEASHELLS;9996.0;5
109200;;;BANANAS;SEASHELLS;4903.0;3
109400;;;BANANAS;SEASHELLS;4898.0;1
109500;;;BANANAS;SEASHELLS;4903.0;10
109600;;;BANANAS;SEASHELLS;4898.0;1
109700;;;BANANAS;SEASHELLS;4905.0;1
109700;;;PEARLS;SEASHELLS;10004.0;1
110200;;;BANANAS;SEASHELLS;4899.0;1
110600;;;PEARLS;SEASHELLS;9998.0;1
110700;;;PEARLS;SEASHELLS;10002.0;1
111100;;;BANANAS;SEASHELLS;4901.0;1
111300;;;BANANAS;SEASHELLS;4900.0;1
111800;;;PEARLS;SEASHELLS;10004.0;1
111800;;;BANANAS;SEASHELLS;4907.0;1
112300;;;BANANAS;SEASHELLS;4900.0;1
112500;;;BANANAS;SEASHELLS;4900.0;3
113500;;;BANANAS;SEASHELLS;4905.0;1
113900;;;PEARLS;SEASHELLS;10002.0;1
114300;;;PEARLS;SEASHELLS;10004.0;1
114300;;;BANANAS;SEASHELLS;4902.0;8
114300;;;BANANAS;SEASHELLS;4904.0;1
114500;;;PEARLS;SEASHELLS;9996.0;2
114500;;;PEARLS;SEASHELLS;9996.0;9
114500;;;BANANAS;SEASHELLS;4898.0;1
114700;;;BANANAS;SEASHELLS;4902.0;4
115000;;;BANANAS;SEASHELLS;4902.0;5
115100;;;BANANAS;SEASHELLS;4898.0;1
116100;;;BANANAS;SEASHELLS;4904.0;1
116100;;;PEARLS;SEASHELLS;10005.0;1
116300;;;PEARLS;SEASHELLS;9996.0;2
116400;;;PEARLS;SEASHELLS;9998.0;1
116400;;;BANANAS;SEASHELLS;4901.0;2
116600;;;BANANAS;SEASHELLS;4897.0;1
116800;;;PEARLS;SEASHELLS;9995.0;2
116800;;;BANANAS;SEASHELLS;4897.0;7
116800;;;BANANAS;SEASHELLS;4897.0;2
116800;;;BANANAS;SEASHELLS;4898.0;2
117100;;;BANANAS;SEASHELLS;4903.0;1
117300;;;BANANAS;SEASHELLS;4903.0;1
117400;;;BANANAS;SEASHELLS;4903.0;1
117500;;;PEARLS;SEASHELLS;10002.0;2
117600;;;BANANAS;SEASHELLS;4899.0;4
117600;;;BANANAS;SEASHELLS;4899.0;1
117600;;;BANANAS;SEASHELLS;4899.0;14
117900;;;PEARLS;SEASHELLS;9998.0;1
118100;;;BANANAS;SEASHELLS;4905.0;2
118100;;;PEARLS;SEASHELLS;10005.0;2
118200;;;PEARLS;SEASHELLS;10002.0;2
118200;;;BANANAS;SEASHELLS;4903.0;2
118300;;;BANANAS;SEASHELLS;4899.0;1
118300;;;PEARLS;SEASHELLS;10002.0;3
118600;;;BANANAS;SEASHELLS;4899.0;2
118600;;;BANANAS;SEASHELLS;4899.0;7
119000;;;PEARLS;SEASHELLS;9998.0;1
119000;;;PEARLS;SEASHELLS;9996.0;1
119000;;;PEARLS;SEASHELLS;9996.0;4
119100;;;PEARLS;SEASHELLS;10002.0;1
119200;;;BANANAS;SEASHELLS;4900.0;7
119200;;;BANANAS;SEASHELLS;4899.0;2
119200;;;PEARLS;SEASHELLS;9996.0;1
119200;;;BANANAS;SEASHELLS;4900.0;1
119200;;;BANANAS;SEASHELLS;4906.0;12
119200;;;PEARLS;SEASHELLS;9996.0;1
119900;;;BANANAS;SEASHELLS;4907.0;1
120000;;;BANANAS;SEASHELLS;4907.0;7
120200;;;PEARLS;SEASHELLS;10002.0;1
120900;;;PEARLS;SEASHELLS;10002.0;2
121000;;;BANANAS;SEASHELLS;4907.0;1
121000;;;PEARLS;SEASHELLS;10004.0;1
121300;;;PEARLS;SEASHELLS;10004.0;1
121600;;;BANANAS;SEASHELLS;4907.0;2
121600;;;PEARLS;SEASHELLS;10002.0;2
121600;;;BANANAS;SEASHELLS;4907.0;1
121700;;;BANANAS;SEASHELLS;4907.0;1
121800;;;PEARLS;SEASHELLS;9995.0;1
121800;;;BANANAS;SEASHELLS;4901.0;1
122000;;;BANANAS;SEASHELLS;4907.0;1
122200;;;BANANAS;SEASHELLS;4904.0;1
122200;;;PEARLS;SEASHELLS;9996.0;1
122200;;;BANANAS;SEASHELLS;4902.0;1
122500;;;PEARLS;SEASHELLS;10004.0;2
122500;;;BANANAS;SEASHELLS;4906.0;2
122500;;;PEARLS;SEASHELLS;10002.0;2
122500;;;PEARLS;SEASHELLS;10002.0;6
122600;;;PEARLS;SEASHELLS;9998.0;4
122700;;;PEARLS;SEASHELLS;10002.0;5
122800;;;BANANAS;SEASHELLS;4903.0;1
123100;;;PEARLS;SEASHELLS;10002.0;1
123200;;;BANANAS;SEASHELLS;4902.0;1
123500;;;PEARLS;SEASHELLS;9998.0;2
123500;;;BANANAS;SEASHELLS;4903.0;1
123700;;;PEARLS;SEASHELLS;9996.0;1
123700;;;BANANAS;SEASHELLS;4904.0;1
123900;;;BANANAS;SEASHELLS;4909.0;7
123900;;;BANANAS;SEASHELLS;4904.0;1
123900;;;PEARLS;SEASHELLS;9998.0;1
124000;;;PEARLS;SEASHELLS;10002.0;1
124200;;;BANANAS;SEASHELLS;4910.0;14
124200;;;PEARLS;SEASHELLS;9998.0;5
125200;;;BANANAS;SEASHELLS;4908.0;1
125400;;;PEARLS;SEASHELLS;10004.0;1
125400;;;BANANAS;SEASHELLS;4909.0;1
125600;;;BANANAS;SEASHELLS;4908.0;1
125900;;;PEARLS;SEASHELLS;9998.0;1
125900;;;BANANAS;SEASHELLS;4908.0;1
126200;;;BANANAS;SEASHELLS;4905.0;1
126400;;;PEARLS;SEASHELLS;9998.0;2
126400;;;BANANAS;SEASHELLS;4911.0;1
126600;;;BANANAS;SEASHELLS;4905.0;1
126700;;;PEARLS;SEASHELLS;9998.0;1
126700;;;PEARLS;SEASHELLS;9998.0;1
126900;;;BANANAS;SEASHELLS;4910.0;1
126900;;;PEARLS;SEASHELLS;10002.0;1
127000;;;PEARLS;SEASHELLS;10002.0;1
127000;;;PEARLS;SEASHELLS;10002.0;2
127100;;;PEARLS;SEASHELLS;9998.0;1
127500;;;BANANAS;SEASHELLS;4909.0;2
127500;;;PEARLS;SEASHELLS;10002.0;1
127500;;;PEARLS;SEASHELLS;10002.0;2
127900;;;BANANAS;SEASHELLS;4910.0;6
128000;;;BANANAS;SEASHELLS;4905.0;4
128000;;;PEARLS;SEASHELLS;10002.0;2
128100;;;BANANAS;SEASHELLS;4910.0;11
128400;;;BANANAS;SEASHELLS;4903.0;2
128400;;;PEARLS;SEASHELLS;10002.0;1
129000;;;BANANAS;SEASHELLS;4902.0;1
129100;;;BANANAS;SEASHELLS;4908.0;7
129200;;;BANANAS;SEASHELLS;4902.0;1
129400;;;PEARLS;SEASHELLS;9998.0;1
129500;;;PEARLS;SEASHELLS;9998.0;1
129800;;;PEARLS;SEASHELLS;10005.0;2
129800;;;BANANAS;SEASHELLS;4909.0;2
130100;;;BANANAS;SEASHELLS;4906.0;1
130300;;;PEARLS;SEASHELLS;10005.0;2
130400;;;BANANAS;SEASHELLS;4907.0;1
130400;;;PEARLS;SEASHELLS;10004.0;1
131200;;;BANANAS;SEASHELLS;4901.0;1
131500;;;BANANAS;SEASHELLS;4900.0;2
131500;;;PEARLS;SEASHELLS;9996.0;1
131700;;;BANANAS;SEASHELLS;4900.0;4
131800;;;BANANAS;SEASHELLS;4900.0;2
131900;;;BANANAS;SEASHELLS;4899.0;2
131900;;;PEARLS;SEASHELLS;9996.0;1
131900;;;PEARLS;SEASHELLS;9996.0;1
132100;;;PEARLS;SEASHELLS;10002.0;1
132200;;;PEARLS;SEASHELLS;10004.0;1
132200;;;BANANAS;SEASHELLS;4905.0;1
132300;;;PEARLS;SEASHELLS;9995.0;1
132300;;;PEARLS;SEASHELLS;9998.0;2
132300;;;BANANAS;SEASHELLS;4899.0;1
132300;;;PEARLS;SEASHELLS;9998.0;1
132600;;;PEARLS;SEASHELLS;9998.0;1
132600;;;BANANAS;SEASHELLS;4900.0;1
132800;;;BANANAS;SEASHELLS;4904.0;1
133000;;;PEARLS;SEASHELLS;9998.0;2
133200;;;BANANAS;SEASHELLS;4907.0;1
133500;;;PEARLS;SEASHELLS;9998.0;3
133500;;;PEARLS;SEASHELLS;10005.0;8
134000;;;BANANAS;SEASHELLS;4903.0;1
134400;;;BANANAS;SEASHELLS;4908.0;20
134500;;;BANANAS;SEASHELLS;4906.0;3
134500;;;BANANAS;SEASHELLS;4907.0;1
134500;;;BANANAS;SEASHELLS;4906.0;8
134700;;;PEARLS;SEASHELLS;9998.0;1
134800;;;BANANAS;SEASHELLS;4903.0;5
135800;;;BANANAS;SEASHELLS;4902.0;1
135800;;;BANANAS;SEASHELLS;4902.0;1
136200;;;BANANAS;SEASHELLS;4906.0;2
136500;;;BANANAS;SEASHELLS;4902.0;1
137000;;;PEARLS;SEASHELLS;10002.0;1
137100;;;BANANAS;SEASHELLS;4902.0;1
137400;;;BANANAS;SEASHELLS;4901.0;1
137400;;;PEARLS;SEASHELLS;9995.0;1
137700;;;BANANAS;SEASHELLS;4901.0;2
137700;;;PEARLS;SEASHELLS;9996.0;2
137800;;;BANANAS;SEASHELLS;4900.0;2
137800;;;PEARLS;SEASHELLS;9996.0;2
138100;;;BANANAS;SEASHELLS;4901.0;8
138200;;;PEARLS;SEASHELLS;9998.0;1
138200;;;BANANAS;SEASHELLS;4905.0;1
138600;;;BANANAS;SEASHELLS;4902.0;1
138600;;;PEARLS;SEASHELLS;10004.0;1
138600;;;BANANAS;SEASHELLS;4904.0;1
138700;;;BANANAS;SEASHELLS;4903.0;1
139300;;;BANANAS;SEASHELLS;4904.0;1
139400;;;PEARLS;SEASHELLS;9996.0;1
139400;;;BANANAS;SEASHELLS;4904.0;1
140500;;;PEARLS;SEASHELLS;9998.0;1
140600;;;BANANAS;SEASHELLS;4900.0;1
141400;;;PEARLS;SEASHELLS;9995.0;10
141500;;;BANANAS;SEASHELLS;4900.0;1
141600;;;PEARLS;SEASHELLS;10002.0;1
141600;;;PEARLS;SEASHELLS;10002.0;2
142100;;;BANANAS;SEASHELLS;4907.0;1
142200;;;BANANAS;SEASHELLS;4902.0;1
142500;;;PEARLS;SEASHELLS;9998.0;1
143300;;;PEARLS;SEASHELLS;9998.0;1
143800;;;BANANAS;SEASHELLS;4902.0;1
143900;;;BANANAS;SEASHELLS;4905.0;1
143900;;;PEARLS;SEASHELLS;9998.0;1
144100;;;BANANAS;SEASHELLS;4906.0;1
144400;;;BANANAS;SEASHELLS;4900.0;1
144500;;;PEARLS;SEASHELLS;10004.0;10
144500;;;PEARLS;SEASHELLS;10004.0;2
144600;;;BANANAS;SEASHELLS;4901.0;2
144600;;;PEARLS;SEASHELLS;9998.0;2
144800;;;PEARLS;SEASHELLS;10002.0;1
145100;;;BANANAS;SEASHELLS;4907.0;1
145100;;;PEARLS;SEASHELLS;9998.0;6
145100;;;PEARLS;SEASHELLS;10005.0;1
145200;;;BANANAS;SEASHELLS;4901.0;1
145400;;;BANANAS;SEASHELLS;4907.0;1
145400;;;BANANAS;SEASHELLS;4907.0;1
145600;;;PEARLS;SEASHELLS;10002.0;1
145600;;;BANANAS;SEASHELLS;4905.0;1
145600;;;BANANAS;SEASHELLS;4906.0;1
145900;;;BANANAS;SEASHELLS;4900.0;2
145900;;;PEARLS;SEASHELLS;10002.0;2
146400;;;BANANAS;SEASHELLS;4901.0;1
146400;;;PEARLS;SEASHELLS;9998.0;1
147000;;;PEARLS;SEASHELLS;10004.0;1
147000;;;BANANAS;SEASHELLS;4908.0;2
147000;;;BANANAS;SEASHELLS;4903.0;1
147000;;;PEARLS;SEASHELLS;10002.0;1
147000;;;PEARLS;SEASHELLS;10004.0;1
147200;;;BANANAS;SEASHELLS;4907.0;1
147400;;;BANANAS;SEASHELLS;4904.0;1
147500;;;BANANAS;SEASHELLS;4910.0;1
148200;;;PEARLS;SEASHELLS;9998.0;2
148200;;;BANANAS;SEASHELLS;4911.0;2
148200;;;PEARLS;SEASHELLS;9998.0;2
148200;;;BANANAS;SEASHELLS;4910.0;1
148200;;;PEARLS;SEASHELLS;9998.0;1
148300;;;BANANAS;SEASHELLS;4910.0;1
148300;;;BANANAS;SEASHELLS;4907.0;4
148700;;;PEARLS;SEASHELLS;9995.0;2
148700;;;BANANAS;SEASHELLS;4910.0;1
148700;;;PEARLS;SEASHELLS;10005.0;5
149000;;;BANANAS;SEASHELLS;4909.0;3
149000;;;PEARLS;SEASHELLS;10002.0;1
149000;;;BANANAS;SEASHELLS;4909.0;3
149000;;;BANANAS;SEASHELLS;4905.0;1
149100;;;BANANAS;SEASHELLS;4904.0;1
149500;;;BANANAS;SEASHELLS;4904.0;1
150300;;;PEARLS;SEASHELLS;10002.0;1
150600;;;BANANAS;SEASHELLS;4903.0;6
150600;;;PEARLS;SEASHELLS;10002.0;1
150800;;;BANANAS;SEASHELLS;4904.0;3
151100;;;PEARLS;SEASHELLS;10002.0;5
151200;;;PEARLS;SEASHELLS;10004.0;2
151500;;;PEARLS;SEASHELLS;10004.0;1
151500;;;BANANAS;SEASHELLS;4908.0;1
151600;;;PEARLS;SEASHELLS;9995.0;1
151600;;;PEARLS;SEASHELLS;9996.0;1
151600;;;BANANAS;SEASHELLS;4902.0;1
151700;;;BANANAS;SEASHELLS;4901.0;1
151800;;;BANANAS;SEASHELLS;4901.0;19
152100;;;PEARLS;SEASHELLS;10002.0;1
152100;;;BANANAS;SEASHELLS;4906.0;1
152400;;;PEARLS;SEASHELLS;9998.0;1
152600;;;PEARLS;SEASHELLS;9998.0;1
152700;;;PEARLS;SEASHELLS;9996.0;1
152800;;;BANANAS;SEASHELLS;4905.0;1
153000;;;BANANAS;SEASHELLS;4901.0;2
153000;;;PEARLS;SEASHELLS;9998.0;1
153200;;;PEARLS;SEASHELLS;10002.0;2
153300;;;PEARLS;SEASHELLS;9998.0;1
153500;;;BANANAS;SEASHELLS;4899.0;1
153600;;;BANANAS;SEASHELLS;4899.0;1
154000;;;BANANAS;SEASHELLS;4905.0;1
154200;;;BANANAS;SEASHELLS;4899.0;2
154200;;;PEARLS;SEASHELLS;9996.0;1
154200;;;PEARLS;SEASHELLS;9996.0;1
154300;;;BANANAS;SEASHELLS;4901.0;2
154900;;;BANANAS;SEASHELLS;4905.0;2
155200;;;PEARLS;SEASHELLS;10004.0;1
155200;;;BANANAS;SEASHELLS;4902.0;1
155200;;;BANANAS;SEASHELLS;4908.0;1
155300;;;PEARLS;SEASHELLS;9998.0;3
155700;;;BANANAS;SEASHELLS;4906.0;13
156100;;;PEARLS;SEASHELLS;10002.0;1
156400;;;PEARLS;SEASHELLS;9998.0;1
156400;;;PEARLS;SEASHELLS;9998.0;2
156500;;;BANANAS;SEASHELLS;4900.0;9
156700;;;BANANAS;SEASHELLS;4906.0;20
156800;;;PEARLS;SEASHELLS;9998.0;1
156800;;;PEARLS;SEASHELLS;9998.0;1
156800;;;BANANAS;SEASHELLS;4900.0;1
156800;;;BANANAS;SEASHELLS;4900.0;1
156900;;;BANANAS;SEASHELLS;4906.0;1
156900;;;PEARLS;SEASHELLS;9998.0;1
156900;;;BANANAS;SEASHELLS;4906.0;5
157100;;;PEARLS;SEASHELLS;10002.0;1
157200;;;BANANAS;SEASHELLS;4898.0;12
157400;;;PEARLS;SEASHELLS;9996.0;1
157400;;;BANANAS;SEASHELLS;4898.0;1
157400;;;BANANAS;SEASHELLS;4899.0;3
157500;;;BANANAS;SEASHELLS;4899.0;5
157800;;;PEARLS;SEASHELLS;10002.0;1
158200;;;BANANAS;SEASHELLS;4897.0;11
158300;;;PEARLS;SEASHELLS;9998.0;1
158400;;;BANANAS;SEASHELLS;4902.0;1
158400;;;PEARLS;SEASHELLS;10004.0;1
158700;;;BANANAS;SEASHELLS;4901.0;1
158700;;;PEARLS;SEASHELLS;9998.0;1
159200;;;BANANAS;SEASHELLS;4895.0;1
159300;;;BANANAS;SEASHELLS;4895.0;1
159400;;;BANANAS;SEASHELLS;4895.0;1
159400;;;PEARLS;SEASHELLS;9998.0;1
159400;;;BANANAS;SEASHELLS;4895.0;5
159400;;;BANANAS;SEASHELLS;4900.0;1
159500;;;PEARLS;SEASHELLS;9995.0;1
159500;;;BANANAS;SEASHELLS;4899.0;1
160000;;;PEARLS;SEASHELLS;10005.0;12
161000;;;BANANAS;SEASHELLS;4897.0;2
161000;;;PEARLS;SEASHELLS;9996.0;2
161500;;;BANANAS;SEASHELLS;4903.0;4
161500;;;BANANAS;SEASHELLS;4904.0;1
161600;;;PEARLS;SEASHELLS;10002.0;1
162400;;;BANANAS;SEASHELLS;4900.0;5
163100;;;BANANAS;SEASHELLS;4899.0;1
163400;;;BANANAS;SEASHELLS;4904.0;1
163400;;;PEARLS;SEASHELLS;10004.0;1
163400;;;PEARLS;SEASHELLS;10004.0;1
163400;;;BANANAS;SEASHELLS;4904.0;1
163500;;;BANANAS;SEASHELLS;4898.0;12
163900;;;PEARLS;SEASHELLS;10004.0;2
164600;;;PEARLS;SEASHELLS;9998.0;1
164800;;;PEARLS;SEASHELLS;10004.0;3
164800;;;PEARLS;SEASHELLS;10004.0;1
164900;;;BANANAS;SEASHELLS;4904.0;1
164900;;;PEARLS;SEASHELLS;10005.0;1
165300;;;BANANAS;SEASHELLS;4901.0;1
165700;;;BANANAS;SEASHELLS;4901.0;1
165800;;;PEARLS;SEASHELLS;10004.0;1
165800;;;BANANAS;SEASHELLS;4896.0;1
165800;;;BANANAS;SEASHELLS;4902.0;2
165900;;;PEARLS;SEASHELLS;9996.0;1
166200;;;PEARLS;SEASHELLS;10002.0;1
166400;;;BANANAS;SEASHELLS;4896.0;4
166400;;;BANANAS;SEASHELLS;4896.0;3
166500;;;BANANAS;SEASHELLS;4896.0;1
167100;;;PEARLS;SEASHELLS;9996.0;2
167100;;;BANANAS;SEASHELLS;4896.0;2
167100;;;BANANAS;SEASHELLS;4903.0;8
167400;;;BANANAS;SEASHELLS;4901.0;1
167500;;;BANANAS;SEASHELLS;4896.0;4
167800;;;BANANAS;SEASHELLS;4898.0;6
168200;;;PEARLS;SEASHELLS;10005.0;2
168200;;;BANANAS;SEASHELLS;4902.0;2
168400;;;PEARLS;SEASHELLS;10004.0;1
168400;;;PEARLS;SEASHELLS;10004.0;9
168400;;;PEARLS;SEASHELLS;9998.0;3
169000;;;PEARLS;SEASHELLS;9998.0;1
169200;;;BANANAS;SEASHELLS;4895.0;2
169200;;;PEARLS;SEASHELLS;9995.0;2
169900;;;PEARLS;SEASHELLS;9998.0;2
170000;;;PEARLS;SEASHELLS;9998.0;5
170100;;;BANANAS;SEASHELLS;4896.0;1
170200;;;PEARLS;SEASHELLS;9998.0;1
170200;;;BANANAS;SEASHELLS;4897.0;3
170600;;;BANANAS;SEASHELLS;4899.0;3
171300;;;PEARLS;SEASHELLS;9998.0;1
171300;;;BANANAS;SEASHELLS;4894.0;1
171600;;;BANANAS;SEASHELLS;4898.0;1
171600;;;PEARLS;SEASHELLS;9998.0;1
171700;;;PEARLS;SEASHELLS;10002.0;2
171800;;;PEARLS;SEASHELLS;9995.0;1
171800;;;BANANAS;SEASHELLS;4898.0;1
172400;;;BANANAS;SEASHELLS;4898.0;1
172600;;;BANANAS;SEASHELLS;4899.0;1
172600;;;PEARLS;SEASHELLS;10004.0;1
172800;;;BANANAS;SEASHELLS;4894.0;1
172900;;;PEARLS;SEASHELLS;9998.0;2
173000;;;PEARLS;SEASHELLS;9998.0;2
173000;;;BANANAS;SEASHELLS;4895.0;2
173100;;;BANANAS;SEASHELLS;4894.0;1
173300;;;BANANAS;SEASHELLS;4901.0;2
173300;;;PEARLS;SEASHELLS;10004.0;1
173500;;;BANANAS;SEASHELLS;4894.0;1
173500;;;BANANAS;SEASHELLS;4894.0;14
174400;;;BANANAS;SEASHELLS;4894.0;2
174400;;;PEARLS;SEASHELLS;10002.0;1
174600;;;PEARLS;SEASHELLS;10002.0;1
174800;;;BANANAS;SEASHELLS;4895.0;1
175100;;;PEARLS;SEASHELLS;10002.0;2
176300;;;PEARLS;SEASHELLS;10005.0;3
176700;;;PEARLS;SEASHELLS;9998.0;2
176700;;;BANANAS;SEASHELLS;4894.0;2
176700;;;PEARLS;SEASHELLS;9998.0;2
176900;;;BANANAS;SEASHELLS;4893.0;7
177000;;;BANANAS;SEASHELLS;4893.0;1
177600;;;PEARLS;SEASHELLS;10005.0;6
177600;;;BANANAS;SEASHELLS;4899.0;4
177900;;;BANANAS;SEASHELLS;4899.0;1
177900;;;PEARLS;SEASHELLS;10004.0;1
178100;;;BANANAS;SEASHELLS;4898.0;1
178600;;;BANANAS;SEASHELLS;4899.0;7
178800;;;BANANAS;SEASHELLS;4895.0;1
179500;;;PEARLS;SEASHELLS;10002.0;1
179600;;;BANANAS;SEASHELLS;4902.0;1
179800;;;BANANAS;SEASHELLS;4898.0;10
179900;;;BANANAS;SEASHELLS;4899.0;3
179900;;;PEARLS;SEASHELLS;10002.0;4
180000;;;BANANAS;SEASHELLS;4899.0;3
180000;;;PEARLS;SEASHELLS;9998.0;1
180200;;;BANANAS;SEASHELLS;4904.0;5
180300;;;BANANAS;SEASHELLS;4898.0;1
180400;;;BANANAS;SEASHELLS;4903.0;1
180600;;;PEARLS;SEASHELLS;10002.0;1
180900;;;PEARLS;SEASHELLS;10004.0;1
180900;;;PEARLS;SEASHELLS;10004.0;1
180900;;;BANANAS;SEASHELLS;4905.0;2
181600;;;PEARLS;SEASHELLS;10002.0;3
181800;;;BANANAS;SEASHELLS;4896.0;11
182200;;;BANANAS;SEASHELLS;4902.0;2
182200;;;BANANAS;SEASHELLS;4903.0;1
182500;;;BANANAS;SEASHELLS;4904.0;1
182500;;;PEARLS;SEASHELLS;10002.0;1
182800;;;PEARLS;SEASHELLS;10002.0;1
183300;;;BANANAS;SEASHELLS;4899.0;1
183400;;;PEARLS;SEASHELLS;9998.0;10
183400;;;PEARLS;SEASHELLS;9998.0;2
183600;;;PEARLS;SEASHELLS;10002.0;1
183600;;;BANANAS;SEASHELLS;4900.0;5
183800;;;BANANAS;SEASHELLS;4899.0;1
184800;;;BANANAS;SEASHELLS;4899.0;1
184800;;;PEARLS;SEASHELLS;9998.0;1
185000;;;BANANAS;SEASHELLS;4899.0;2
185000;;;PEARLS;SEASHELLS;9996.0;1
185500;;;BANANAS;SEASHELLS;4899.0;2
185500;;;PEARLS;SEASHELLS;9996.0;2
185800;;;BANANAS;SEASHELLS;4904.0;1
186200;;;PEARLS;SEASHELLS;10002.0;5
186700;;;PEARLS;SEASHELLS;9996.0;1
186700;;;PEARLS;SEASHELLS;9996.0;11
187000;;;BANANAS;SEASHELLS;4900.0;1
187200;;;PEARLS;SEASHELLS;9998.0;3
187300;;;PEARLS;SEASHELLS;9995.0;1
187300;;;BANANAS;SEASHELLS;4900.0;1
187600;;;BANANAS;SEASHELLS;4899.0;1
187600;;;PEARLS;SEASHELLS;10002.0;1
187900;;;PEARLS;SEASHELLS;9998.0;4
187900;;;PEARLS;SEASHELLS;10004.0;2
188200;;;PEARLS;SEASHELLS;9998.0;1
188200;;;BANANAS;SEASHELLS;4899.0;1
188200;;;PEARLS;SEASHELLS;9996.0;1
188300;;;BANANAS;SEASHELLS;4900.0;4
188500;;;BANANAS;SEASHELLS;4906.0;1
188500;;;PEARLS;SEASHELLS;10005.0;1
188600;;;BANANAS;SEASHELLS;4906.0;16
189200;;;PEARLS;SEASHELLS;9996.0;2
189600;;;PEARLS;SEASHELLS;10002.0;2
189800;;;PEARLS;SEASHELLS;9998.0;1
189900;;;BANANAS;SEASHELLS;4899.0;3
189900;;;BANANAS;SEASHELLS;4899.0;2
190000;;;PEARLS;SEASHELLS;9998.0;1
190200;;;BANANAS;SEASHELLS;4897.0;1
190300;;;PEARLS;SEASHELLS;9996.0;2
190600;;;BANANAS;SEASHELLS;4897.0;19
190900;;;BANANAS;SEASHELLS;4897.0;2
190900;;;PEARLS;SEASHELLS;9995.0;2
191000;;;BANANAS;SEASHELLS;4897.0;3
192200;;;BANANAS;SEASHELLS;4904.0;1
193000;;;PEARLS;SEASHELLS;9995.0;1
193000;;;BANANAS;SEASHELLS;4899.0;1
193100;;;BANANAS;SEASHELLS;4899.0;1
193200;;;BANANAS;SEASHELLS;4905.0;1
193600;;;BANANAS;SEASHELLS;4906.0;14
193700;;;PEARLS;SEASHELLS;10005.0;11
193800;;;PEARLS;SEASHELLS;9998.0;1
193900;;;PEARLS;SEASHELLS;9996.0;2
194200;;;BANANAS;SEASHELLS;4899.0;1
194200;;;PEARLS;SEASHELLS;10002.0;1
194300;;;BANANAS;SEASHELLS;4899.0;1
194800;;;BANANAS;SEASHELLS;4899.0;1
194800;;;PEARLS;SEASHELLS;9995.0;1
195100;;;PEARLS;SEASHELLS;9996.0;1
195600;;;BANANAS;SEASHELLS;4907.0;2
195600;;;PEARLS;SEASHELLS;10004.0;2
195700;;;BANANAS;SEASHELLS;4902.0;5
196200;;;BANANAS;SEASHELLS;4901.0;4
196700;;;BANANAS;SEASHELLS;4906.0;1
197000;;;PEARLS;SEASHELLS;9998.0;1
197100;;;PEARLS;SEASHELLS;10002.0;1
197400;;;PEARLS;SEASHELLS;9996.0;1
197500;;;PEARLS;SEASHELLS;9998.0;5
197700;;;BANANAS;SEASHELLS;4903.0;1
197700;;;PEARLS;SEASHELLS;9995.0;1
198400;;;PEARLS;SEASHELLS;9998.0;1
198500;;;PEARLS;SEASHELLS;10002.0;3
198900;;;BANANAS;SEASHELLS;4910.0;1
199300;;;BANANAS;SEASHELLS;4910.0;1
199400;;;PEARLS;SEASHELLS;10002.0;3
199400;;;PEARLS;SEASHELLS;10002.0;1
199500;;;BANANAS;SEASHELLS;4905.0;17
199700;;;PEARLS;SEASHELLS;10002.0;1
199900;;;BANANAS;SEASHELLS;4906.0;3
200100;;;PEARLS;SEASHELLS;10002.0;5
200300;;;BANANAS;SEASHELLS;4905.0;1
200300;;;BANANAS;SEASHELLS;4911.0;2
200300;;;PEARLS;SEASHELLS;10004.0;2
200400;;;BANANAS;SEASHELLS;4911.0;1
200400;;;PEARLS;SEASHELLS;10004.0;1
200800;;;PEARLS;SEASHELLS;10002.0;1
200800;;;BANANAS;SEASHELLS;4909.0;3
200900;;;BANANAS;SEASHELLS;4904.0;1
201800;;;BANANAS;SEASHELLS;4909.0;1
201800;;;BANANAS;SEASHELLS;4909.0;8
201800;;;PEARLS;SEASHELLS;9998.0;3
202000;;;PEARLS;SEASHELLS;10002.0;3
202100;;;BANANAS;SEASHELLS;4904.0;1
202200;;;PEARLS;SEASHELLS;10002.0;5
202600;;;PEARLS;SEASHELLS;10002.0;4
202900;;;BANANAS;SEASHELLS;4910.0;4
203000;;;BANANAS;SEASHELLS;4908.0;1
203200;;;BANANAS;SEASHELLS;4906.0;2
203300;;;BANANAS;SEASHELLS;4902.0;10
203300;;;PEARLS;SEASHELLS;9996.0;2
203700;;;BANANAS;SEASHELLS;4907.0;1
203900;;;BANANAS;SEASHELLS;4908.0;2
203900;;;PEARLS;SEASHELLS;10004.0;1
204800;;;PEARLS;SEASHELLS;10004.0;1
204800;;;PEARLS;SEASHELLS;10004.0;7
205000;;;BANANAS;SEASHELLS;4905.0;2
205000;;;PEARLS;SEASHELLS;10004.0;2
205000;;;BANANAS;SEASHELLS;4899.0;1
205400;;;BANANAS;SEASHELLS;4905.0;1
205700;;;BANANAS;SEASHELLS;4899.0;1
205800;;;PEARLS;SEASHELLS;10002.0;1
206400;;;BANANAS;SEASHELLS;4898.0;2
206400;;;PEARLS;SEASHELLS;9996.0;2
207000;;;BANANAS;SEASHELLS;4896.0;1
207000;;;PEARLS;SEASHELLS;9998.0;1
207100;;;BANANAS;SEASHELLS;4897.0;10
207300;;;BANANAS;SEASHELLS;4902.0;1
207300;;;PEARLS;SEASHELLS;10004.0;1
207500;;;PEARLS;SEASHELLS;9996.0;2
207500;;;PEARLS;SEASHELLS;9996.0;5
207800;;;BANANAS;SEASHELLS;4900.0;1
207900;;;BANANAS;SEASHELLS;4895.0;1
208000;;;BANANAS;SEASHELLS;4901.0;1
208000;;;PEARLS;SEASHELLS;10004.0;1
208100;;;BANANAS;SEASHELLS;4901.0;1
208100;;;PEARLS;SEASHELLS;9998.0;1
208300;;;BANANAS;SEASHELLS;4894.0;1
208700;;;BANANAS;SEASHELLS;4893.0;1
209000;;;BANANAS;SEASHELLS;4899.0;1
209700;;;PEARLS;SEASHELLS;9996.0;2
209700;;;BANANAS;SEASHELLS;4895.0;1
209700;;;PEARLS;SEASHELLS;9996.0;5
209900;;;PEARLS;SEASHELLS;9998.0;1
209900;;;BANANAS;SEASHELLS;4897.0;3
210100;;;BANANAS;SEASHELLS;4895.0;1
210300;;;BANANAS;SEASHELLS;4895.0;1
210300;;;PEARLS;SEASHELLS;10002.0;1
210300;;;BANANAS;SEASHELLS;4899.0;1
210400;;;BANANAS;SEASHELLS;4895.0;1
210500;;;BANANAS;SEASHELLS;4895.0;13
210600;;;PEARLS;SEASHELLS;9995.0;1
210600;;;BANANAS;SEASHELLS;4895.0;1
210700;;;BANANAS;SEASHELLS;4896.0;1
210700;;;PEARLS;SEASHELLS;9996.0;1
211100;;;PEARLS;SEASHELLS;10002.0;1
211100;;;BANANAS;SEASHELLS;4900.0;1
211300;;;PEARLS;SEASHELLS;9998.0;1
211400;;;PEARLS;SEASHELLS;9996.0;2
211400;;;PEARLS;SEASHELLS;9996.0;1
211800;;;BANANAS;SEASHELLS;4895.0;1
212300;;;PEARLS;SEASHELLS;9998.0;1
212300;;;BANANAS;SEASHELLS;4896.0;1
212800;;;BANANAS;SEASHELLS;4897.0;1
213000;;;PEARLS;SEASHELLS;9998.0;1
213800;;;BANANAS;SEASHELLS;4900.0;2
213900;;;PEARLS;SEASHELLS;9998.0;3
213900;;;BANANAS;SEASHELLS;4894.0;1
214100;;;PEARLS;SEASHELLS;9998.0;1
214100;;;PEARLS;SEASHELLS;9998.0;1
214500;;;PEARLS;SEASHELLS;9998.0;3
214500;;;PEARLS;SEASHELLS;9998.0;1
214700;;;PEARLS;SEASHELLS;9996.0;2
215000;;;BANANAS;SEASHELLS;4900.0;2
215100;;;BANANAS;SEASHELLS;4900.0;6
215100;;;BANANAS;SEASHELLS;4900.0;14
215100;;;PEARLS;SEASHELLS;9998.0;1
215500;;;BANANAS;SEASHELLS;4900.0;4
215800;;;BANANAS;SEASHELLS;4896.0;1
216000;;;BANANAS;SEASHELLS;4896.0;1
216100;;;BANANAS;SEASHELLS;4902.0;1
216100;;;PEARLS;SEASHELLS;10002.0;1
216600;;;PEARLS;SEASHELLS;9998.0;1
216700;;;BANANAS;SEASHELLS;4900.0;2
216700;;;BANANAS;SEASHELLS;4903.0;5
217100;;;PEARLS;SEASHELLS;9996.0;1
217100;;;BANANAS;SEASHELLS;4897.0;5
217500;;;BANANAS;SEASHELLS;4898.0;9
217500;;;PEARLS;SEASHELLS;9996.0;1
217500;;;BANANAS;SEASHELLS;4897.0;1
217700;;;BANANAS;SEASHELLS;4901.0;1
217800;;;PEARLS;SEASHELLS;9996.0;1
217900;;;BANANAS;SEASHELLS;4900.0;5
217900;;;BANANAS;SEASHELLS;4902.0;8
219400;;;PEARLS;SEASHELLS;10004.0;1
219400;;;BANANAS;SEASHELLS;4899.0;1
219400;;;BANANAS;SEASHELLS;4901.0;1
219600;;;BANANAS;SEASHELLS;4899.0;1
220100;;;BANANAS;SEASHELLS;4900.0;12
221100;;;BANANAS;SEASHELLS;4898.0;1
221100;;;PEARLS;SEASHELLS;10002.0;1
221200;;;PEARLS;SEASHELLS;10002.0;1
221200;;;BANANAS;SEASHELLS;4894.0;1
222200;;;PEARLS;SEASHELLS;9998.0;2
222800;;;BANANAS;SEASHELLS;4900.0;1
223000;;;BANANAS;SEASHELLS;4895.0;1
223100;;;PEARLS;SEASHELLS;9998.0;2
223400;;;BANANAS;SEASHELLS;4902.0;7
223600;;;PEARLS;SEASHELLS;10002.0;1
223700;;;BANANAS;SEASHELLS;4903.0;1
223700;;;PEARLS;SEASHELLS;10005.0;1
223800;;;BANANAS;SEASHELLS;4897.0;1
223800;;;PEARLS;SEASHELLS;10002.0;1
224500;;;PEARLS;SEASHELLS;10002.0;1
224600;;;PEARLS;SEASHELLS;10004.0;1
224600;;;BANANAS;SEASHELLS;4903.0;1
224600;;;PEARLS;SEASHELLS;10005.0;1
225000;;;PEARLS;SEASHELLS;9996.0;1
225600;;;BANANAS;SEASHELLS;4894.0;2
225700;;;PEARLS;SEASHELLS;10002.0;1
225700;;;BANANAS;SEASHELLS;4895.0;1
226100;;;PEARLS;SEASHELLS;9998.0;1
226100;;;PEARLS;SEASHELLS;9998.0;4
226700;;;BANANAS;SEASHELLS;4899.0;13
226700;;;BANANAS;SEASHELLS;4893.0;2
226700;;;PEARLS;SEASHELLS;9998.0;2
227300;;;PEARLS;SEASHELLS;9998.0;1
227700;;;BANANAS;SEASHELLS;4895.0;6
227700;;;PEARLS;SEASHELLS;9996.0;1
227700;;;BANANAS;SEASHELLS;4893.0;1
228400;;;BANANAS;SEASHELLS;4892.0;1
228800;;;BANANAS;SEASHELLS;4896.0;2
228900;;;BANANAS;SEASHELLS;4896.0;5
229400;;;PEARLS;SEASHELLS;9998.0;1
229600;;;PEARLS;SEASHELLS;10002.0;1
229700;;;BANANAS;SEASHELLS;4896.0;1
230000;;;BANANAS;SEASHELLS;4891.0;1
230100;;;BANANAS;SEASHELLS;4892.0;1
230300;;;PEARLS;SEASHELLS;9996.0;1
230300;;;PEARLS;SEASHELLS;9996.0;9
230400;;;PEARLS;SEASHELLS;10002.0;1
230400;;;BANANAS;SEASHELLS;4897.0;1
230500;;;BANANAS;SEASHELLS;4893.0;1
230700;;;BANANAS;SEASHELLS;4900.0;6
230900;;;PEARLS;SEASHELLS;10004.0;1
230900;;;BANANAS;SEASHELLS;4900.0;1
231300;;;PEARLS;SEASHELLS;9998.0;1
231600;;;BANANAS;SEASHELLS;4894.0;1
231700;;;PEARLS;SEASHELLS;10000.0;4
231700;;;BANANAS;SEASHELLS;4894.0;1
232100;;;PEARLS;SEASHELLS;10002.0;1
232200;;;BANANAS;SEASHELLS;4900.0;12
232300;;;BANANAS;SEASHELLS;4898.0;1
232300;;;PEARLS;SEASHELLS;10002.0;1
232600;;;BANANAS;SEASHELLS;4899.0;1
232600;;;PEARLS;SEASHELLS;9998.0;1
232600;;;PEARLS;SEASHELLS;9998.0;2
233000;;;BANANAS;SEASHELLS;4896.0;5
233900;;;BANANAS;SEASHELLS;4897.0;1
234100;;;BANANAS;SEASHELLS;4899.0;5
234200;;;BANANAS;SEASHELLS;4892.0;1
234300;;;PEARLS;SEASHELLS;9995.0;1
234300;;;BANANAS;SEASHELLS;4892.0;1
234400;;;BANANAS;SEASHELLS;4898.0;2
234500;;;PEARLS;SEASHELLS;9998.0;1
234700;;;PEARLS;SEASHELLS;10004.0;1
234700;;;BANANAS;SEASHELLS;4899.0;2
234700;;;PEARLS;SEASHELLS;10004.0;1
234800;;;PEARLS;SEASHELLS;9998.0;1
235200;;;PEARLS;SEASHELLS;9995.0;8
235400;;;BANANAS;SEASHELLS;4892.0;3
235400;;;BANANAS;SEASHELLS;4892.0;7
236200;;;PEARLS;SEASHELLS;9998.0;1
236300;;;BANANAS;SEASHELLS;4892.0;15
236400;;;PEARLS;SEASHELLS;9998.0;1
236800;;;PEARLS;SEASHELLS;9998.0;1
237000;;;BANANAS;SEASHELLS;4897.0;1
237000;;;PEARLS;SEASHELLS;9998.0;1
237000;;;PEARLS;SEASHELLS;9998.0;3
237300;;;BANANAS;SEASHELLS;4890.0;1
237300;;;PEARLS;SEASHELLS;9996.0;1
237400;;;BANANAS;SEASHELLS;4890.0;1
237400;;;PEARLS;SEASHELLS;9998.0;1
237700;;;PEARLS;SEASHELLS;9998.0;1
238000;;;BANANAS;SEASHELLS;4891.0;1
238300;;;PEARLS;SEASHELLS;9998.0;5
238700;;;BANANAS;SEASHELLS;4891.0;1
238700;;;PEARLS;SEASHELLS;10004.0;1
238700;;;PEARLS;SEASHELLS;10002.0;1
238700;;;BANANAS;SEASHELLS;4897.0;1
239300;;;PEARLS;SEASHELLS;10004.0;8
239300;;;PEARLS;SEASHELLS;10004.0;1
239300;;;PEARLS;SEASHELLS;10005.0;1
239300;;;BANANAS;SEASHELLS;4898.0;1
239900;;;BANANAS;SEASHELLS;4897.0;5
240100;;;PEARLS;SEASHELLS;9998.0;3
240200;;;PEARLS;SEASHELLS;10000.0;2
240200;;;PEARLS;SEASHELLS;10002.0;5
240700;;;BANANAS;SEASHELLS;4899.0;1
241000;;;PEARLS;SEASHELLS;9998.0;5
241200;;;PEARLS;SEASHELLS;10004.0;6
241200;;;PEARLS;SEASHELLS;10004.0;2
241400;;;PEARLS;SEASHELLS;9998.0;1
242000;;;PEARLS;SEASHELLS;9998.0;1
242400;;;PEARLS;SEASHELLS;10004.0;1
243000;;;BANANAS;SEASHELLS;4894.0;1
243500;;;BANANAS;SEASHELLS;4893.0;7
243500;;;PEARLS;SEASHELLS;10002.0;1
243600;;;PEARLS;SEASHELLS;9998.0;1
243900;;;PEARLS;SEASHELLS;9998.0;1
243900;;;BANANAS;SEASHELLS;4896.0;1
243900;;;BANANAS;SEASHELLS;4896.0;4
244100;;;BANANAS;SEASHELLS;4892.0;1
244100;;;PEARLS;SEASHELLS;9996.0;1
244300;;;BANANAS;SEASHELLS;4891.0;1
244400;;;BANANAS;SEASHELLS;4892.0;10
244500;;;BANANAS;SEASHELLS;4892.0;1
245200;;;BANANAS;SEASHELLS;4892.0;1
245300;;;PEARLS;SEASHELLS;10002.0;1
245700;;;BANANAS;SEASHELLS;4892.0;6
246000;;;BANANAS;SEASHELLS;4897.0;1
246200;;;BANANAS;SEASHELLS;4898.0;15
247000;;;PEARLS;SEASHELLS;10002.0;5
247000;;;BANANAS;SEASHELLS;4890.0;1
247000;;;BANANAS;SEASHELLS;4890.0;12
247200;;;BANANAS;SEASHELLS;4895.0;1
247500;;;PEARLS;SEASHELLS;9995.0;8
247600;;;PEARLS;SEASHELLS;9995.0;7
247900;;;BANANAS;SEASHELLS;4888.0;4
248100;;;PEARLS;SEASHELLS;9998.0;2
248100;;;BANANAS;SEASHELLS;4892.0;1
248200;;;BANANAS;SEASHELLS;4887.0;1
248400;;;BANANAS;SEASHELLS;4888.0;3
248400;;;PEARLS;SEASHELLS;10005.0;2
248400;;;BANANAS;SEASHELLS;4888.0;2
248700;;;PEARLS;SEASHELLS;10005.0;4
248800;;;BANANAS;SEASHELLS;4887.0;1
248900;;;BANANAS;SEASHELLS;4887.0;1
249100;;;PEARLS;SEASHELLS;9998.0;1
249200;;;BANANAS;SEASHELLS;4889.0;3
249400;;;PEARLS;SEASHELLS;9998.0;4
249400;;;BANANAS;SEASHELLS;4887.0;1
249500;;;PEARLS;SEASHELLS;9998.0;1
249600;;;BANANAS;SEASHELLS;4888.0;1
249700;;;PEARLS;SEASHELLS;10002.0;1
249700;;;PEARLS;SEASHELLS;9996.0;1
250000;;;PEARLS;SEASHELLS;10002.0;5
250200;;;PEARLS;SEASHELLS;9995.0;9
250400;;;BANANAS;SEASHELLS;4887.0;2
250400;;;PEARLS;SEASHELLS;9998.0;1
250400;;;BANANAS;SEASHELLS;4887.0;2
251400;;;BANANAS;SEASHELLS;4892.0;1
251700;;;BANANAS;SEASHELLS;4892.0;1
252000;;;BANANAS;SEASHELLS;4888.0;1
252000;;;PEARLS;SEASHELLS;9998.0;1
252200;;;BANANAS;SEASHELLS;4893.0;1
252700;;;BANANAS;SEASHELLS;4893.0;1
252800;;;PEARLS;SEASHELLS;10004.0;1
252800;;;BANANAS;SEASHELLS;4894.0;1
253100;;;BANANAS;SEASHELLS;4894.0;1
253100;;;PEARLS;SEASHELLS;10004.0;1
253400;;;BANANAS;SEASHELLS;4888.0;1
253600;;;BANANAS;SEASHELLS;4893.0;1
253800;;;PEARLS;SEASHELLS;10002.0;1
254000;;;BANANAS;SEASHELLS;4889.0;1
254100;;;BANANAS;SEASHELLS;4893.0;3
254200;;;PEARLS;SEASHELLS;10004.0;1
254200;;;PEARLS;SEASHELLS;10004.0;10
254800;;;PEARLS;SEASHELLS;9996.0;2
254900;;;PEARLS;SEASHELLS;9998.0;2
255100;;;BANANAS;SEASHELLS;4893.0;1
255100;;;PEARLS;SEASHELLS;9998.0;1
255500;;;BANANAS;SEASHELLS;4895.0;1
255500;;;PEARLS;SEASHELLS;10005.0;1
255500;;;BANANAS;SEASHELLS;4888.0;1
255800;;;PEARLS;SEASHELLS;9998.0;5
255900;;;PEARLS;SEASHELLS;9998.0;1
256000;;;BANANAS;SEASHELLS;4893.0;1
256100;;;PEARLS;SEASHELLS;9998.0;4
256100;;;BANANAS;SEASHELLS;4888.0;1
256200;;;BANANAS;SEASHELLS;4893.0;1
256400;;;BANANAS;SEASHELLS;4888.0;1
256500;;;BANANAS;SEASHELLS;4892.0;1
257200;;;BANANAS;SEASHELLS;4891.0;1
257400;;;PEARLS;SEASHELLS;9998.0;4
257500;;;PEARLS;SEASHELLS;10002.0;1
257800;;;BANANAS;SEASHELLS;4895.0;9
257800;;;PEARLS;SEASHELLS;9995.0;6
257900;;;BANANAS;SEASHELLS;4897.0;2
257900;;;PEARLS;SEASHELLS;9998.0;1
258000;;;PEARLS;SEASHELLS;9998.0;5
258500;;;PEARLS;SEASHELLS;10002.0;2
258500;;;BANANAS;SEASHELLS;4897.0;2
258500;;;PEARLS;SEASHELLS;10002.0;2
258600;;;BANANAS;SEASHELLS;4893.0;5
258800;;;BANANAS;SEASHELLS;4897.0;3
258800;;;BANANAS;SEASHELLS;4900.0;3
258900;;;PEARLS;SEASHELLS;10002.0;1
258900;;;BANANAS;SEASHELLS;4893.0;1
259000;;;PEARLS;SEASHELLS;10004.0;2
259000;;;BANANAS;SEASHELLS;4899.0;2
259400;;;BANANAS;SEASHELLS;4892.0;1
259700;;;BANANAS;SEASHELLS;4891.0;1
260300;;;PEARLS;SEASHELLS;10002.0;1
260700;;;PEARLS;SEASHELLS;9998.0;1
260700;;;BANANAS;SEASHELLS;4892.0;1
260800;;;BANANAS;SEASHELLS;4897.0;1
261400;;;BANANAS;SEASHELLS;4892.0;1
261600;;;PEARLS;SEASHELLS;9998.0;5
261800;;;BANANAS;SEASHELLS;4891.0;1
261800;;;PEARLS;SEASHELLS;9995.0;1
262100;;;PEARLS;SEASHELLS;10002.0;1
262100;;;BANANAS;SEASHELLS;4891.0;1
262700;;;BANANAS;SEASHELLS;4890.0;1
262700;;;BANANAS;SEASHELLS;4892.0;2
263100;;;BANANAS;SEASHELLS;4890.0;10
263200;;;PEARLS;SEASHELLS;10004.0;2
263300;;;PEARLS;SEASHELLS;9998.0;2
263300;;;BANANAS;SEASHELLS;4890.0;6
263300;;;BANANAS;SEASHELLS;4890.0;1
263300;;;PEARLS;SEASHELLS;9998.0;1
263300;;;BANANAS;SEASHELLS;4890.0;2
263900;;;PEARLS;SEASHELLS;10002.0;1
263900;;;PEARLS;SEASHELLS;10002.0;4
264100;;;PEARLS;SEASHELLS;10005.0;2
264100;;;BANANAS;SEASHELLS;4897.0;2
264500;;;PEARLS;SEASHELLS;9998.0;1
264700;;;PEARLS;SEASHELLS;9998.0;4
264700;;;PEARLS;SEASHELLS;9998.0;1
264800;;;PEARLS;SEASHELLS;10004.0;2
265200;;;BANANAS;SEASHELLS;4895.0;1
265600;;;PEARLS;SEASHELLS;9998.0;1
265800;;;BANANAS;SEASHELLS;4895.0;1
265900;;;PEARLS;SEASHELLS;9995.0;4
266000;;;PEARLS;SEASHELLS;9998.0;1
266600;;;BANANAS;SEASHELLS;4895.0;1
266700;;;PEARLS;SEASHELLS;10005.0;2
266700;;;BANANAS;SEASHELLS;4897.0;2
267100;;;PEARLS;SEASHELLS;10002.0;2
267800;;;BANANAS;SEASHELLS;4893.0;1
267900;;;PEARLS;SEASHELLS;10004.0;1
267900;;;PEARLS;SEASHELLS;10004.0;4
268200;;;BANANAS;SEASHELLS;4898.0;2
268200;;;PEARLS;SEASHELLS;10005.0;2
268200;;;BANANAS;SEASHELLS;4891.0;1
268300;;;PEARLS;SEASHELLS;9995.0;1
268300;;;BANANAS;SEASHELLS;4892.0;1
268300;;;BANANAS;SEASHELLS;4891.0;1
268400;;;BANANAS;SEASHELLS;4896.0;1
268500;;;BANANAS;SEASHELLS;4891.0;1
269200;;;BANANAS;SEASHELLS;4895.0;1
269400;;;BANANAS;SEASHELLS;4890.0;1
269500;;;BANANAS;SEASHELLS;4891.0;4
269700;;;BANANAS;SEASHELLS;4895.0;1
270100;;;PEARLS;SEASHELLS;9998.0;1
270100;;;PEARLS;SEASHELLS;9996.0;4
270100;;;PEARLS;SEASHELLS;9996.0;2
270500;;;BANANAS;SEASHELLS;4896.0;1
270500;;;PEARLS;SEASHELLS;10002.0;1
271400;;;PEARLS;SEASHELLS;10002.0;1
271500;;;PEARLS;SEASHELLS;10005.0;6
271600;;;BANANAS;SEASHELLS;4890.0;5
272500;;;BANANAS;SEASHELLS;4889.0;2
272500;;;PEARLS;SEASHELLS;9996.0;2
272900;;;BANANAS;SEASHELLS;4888.0;1
273100;;;PEARLS;SEASHELLS;10002.0;2
273500;;;PEARLS;SEASHELLS;9995.0;10
273500;;;PEARLS;SEASHELLS;10002.0;1
273700;;;PEARLS;SEASHELLS;10004.0;1
274000;;;PEARLS;SEASHELLS;9996.0;1
274300;;;BANANAS;SEASHELLS;4896.0;1
274300;;;PEARLS;SEASHELLS;10004.0;1
274900;;;BANANAS;SEASHELLS;4890.0;2
274900;;;PEARLS;SEASHELLS;9996.0;2
275500;;;PEARLS;SEASHELLS;9996.0;1
275600;;;PEARLS;SEASHELLS;9998.0;1
275700;;;BANANAS;SEASHELLS;4892.0;4
275700;;;PEARLS;SEASHELLS;9998.0;1
276000;;;BANANAS;SEASHELLS;4891.0;4
276300;;;PEARLS;SEASHELLS;10004.0;1
276300;;;BANANAS;SEASHELLS;4897.0;1
277600;;;BANANAS;SEASHELLS;4889.0;1
277800;;;PEARLS;SEASHELLS;10002.0;1
278000;;;PEARLS;SEASHELLS;9996.0;1
278000;;;BANANAS;SEASHELLS;4890.0;1
278100;;;BANANAS;SEASHELLS;4890.0;1
278500;;;BANANAS;SEASHELLS;4895.0;1
278700;;;BANANAS;SEASHELLS;4895.0;1
278700;;;PEARLS;SEASHELLS;10002.0;1
278700;;;PEARLS;SEASHELLS;10002.0;1
279000;;;BANANAS;SEASHELLS;4891.0;1
279300;;;BANANAS;SEASHELLS;4889.0;1
279500;;;BANANAS;SEASHELLS;4889.0;9
279600;;;BANANAS;SEASHELLS;4890.0;1
279600;;;PEARLS;SEASHELLS;10002.0;1
280000;;;PEARLS;SEASHELLS;9996.0;1
280000;;;PEARLS;SEASHELLS;9996.0;1
280200;;;BANANAS;SEASHELLS;4896.0;1
280500;;;PEARLS;SEASHELLS;9996.0;1
280500;;;BANANAS;SEASHELLS;4891.0;1
280500;;;BANANAS;SEASHELLS;4891.0;2
280700;;;BANANAS;SEASHELLS;4896.0;1
280800;;;PEARLS;SEASHELLS;10002.0;1
280800;;;PEARLS;SEASHELLS;10002.0;1
281200;;;PEARLS;SEASHELLS;9998.0;4
281200;;;PEARLS;SEASHELLS;9998.0;3
281300;;;BANANAS;SEASHELLS;4896.0;1
281400;;;BANANAS;SEASHELLS;4892.0;5
281700;;;BANANAS;SEASHELLS;4898.0;1
281700;;;PEARLS;SEASHELLS;10004.0;1
282100;;;BANANAS;SEASHELLS;4891.0;1
282800;;;PEARLS;SEASHELLS;9998.0;1
282900;;;BANANAS;SEASHELLS;4896.0;1
283300;;;BANANAS;SEASHELLS;4892.0;2
283400;;;BANANAS;SEASHELLS;4891.0;1
283600;;;BANANAS;SEASHELLS;4891.0;1
283600;;;BANANAS;SEASHELLS;4894.0;2
283600;;;PEARLS;SEASHELLS;10004.0;2
283700;;;BANANAS;SEASHELLS;4896.0;1
283900;;;BANANAS;SEASHELLS;4891.0;1
284700;;;BANANAS;SEASHELLS;4892.0;2
284700;;;PEARLS;SEASHELLS;9996.0;2
284800;;;BANANAS;SEASHELLS;4892.0;1
285000;;;PEARLS;SEASHELLS;9996.0;1
285500;;;BANANAS;SEASHELLS;4892.0;1
285600;;;BANANAS;SEASHELLS;4892.0;2
285700;;;BANANAS;SEASHELLS;4892.0;1
285900;;;BANANAS;SEASHELLS;4891.0;14
286100;;;BANANAS;SEASHELLS;4892.0;12
286100;;;BANANAS;SEASHELLS;4892.0;1
286300;;;BANANAS;SEASHELLS;4898.0;11
286400;;;PEARLS;SEASHELLS;10004.0;1
286400;;;BANANAS;SEASHELLS;4898.0;1
286500;;;BANANAS;SEASHELLS;4897.0;1
286600;;;PEARLS;SEASHELLS;10004.0;1
286600;;;BANANAS;SEASHELLS;4898.0;1
286800;;;PEARLS;SEASHELLS;9998.0;1
286900;;;BANANAS;SEASHELLS;4896.0;2
287000;;;BANANAS;SEASHELLS;4897.0;1
287200;;;PEARLS;SEASHELLS;10002.0;1
287300;;;BANANAS;SEASHELLS;4891.0;1
287500;;;BANANAS;SEASHELLS;4892.0;1
289900;;;BANANAS;SEASHELLS;4890.0;2
289900;;;PEARLS;SEASHELLS;10005.0;2
289900;;;PEARLS;SEASHELLS;9995.0;2
290200;;;BANANAS;SEASHELLS;4895.0;3
290200;;;BANANAS;SEASHELLS;4896.0;1
290300;;;BANANAS;SEASHELLS;4897.0;15
290400;;;PEARLS;SEASHELLS;10004.0;2
290400;;;BANANAS;SEASHELLS;4896.0;1
290400;;;PEARLS;SEASHELLS;10005.0;1
290400;;;PEARLS;SEASHELLS;10004.0;6
290800;;;PEARLS;SEASHELLS;9998.0;1
290900;;;PEARLS;SEASHELLS;9996.0;1
290900;;;BANANAS;SEASHELLS;4890.0;1
291000;;;BANANAS;SEASHELLS;4889.0;8
291200;;;BANANAS;SEASHELLS;4890.0;8
291200;;;PEARLS;SEASHELLS;9998.0;1
291400;;;BANANAS;SEASHELLS;4889.0;1
291500;;;PEARLS;SEASHELLS;9995.0;7
291600;;;PEARLS;SEASHELLS;10004.0;2
292500;;;PEARLS;SEASHELLS;9998.0;1
292600;;;PEARLS;SEASHELLS;10004.0;1
292600;;;BANANAS;SEASHELLS;4896.0;1
292800;;;PEARLS;SEASHELLS;10002.0;1
292800;;;BANANAS;SEASHELLS;4895.0;1
292900;;;PEARLS;SEASHELLS;10004.0;2
293100;;;BANANAS;SEASHELLS;4895.0;1
293500;;;BANANAS;SEASHELLS;4897.0;1
293500;;;PEARLS;SEASHELLS;10000.0;1
293700;;;BANANAS;SEASHELLS;4896.0;11
293800;;;BANANAS;SEASHELLS;4892.0;1
293900;;;PEARLS;SEASHELLS;9998.0;1
293900;;;BANANAS;SEASHELLS;4897.0;1
294300;;;PEARLS;SEASHELLS;9996.0;1
294300;;;BANANAS;SEASHELLS;4893.0;2
294400;;;PEARLS;SEASHELLS;10005.0;3
294500;;;PEARLS;SEASHELLS;9998.0;1
294800;;;BANANAS;SEASHELLS;4895.0;5
294900;;;BANANAS;SEASHELLS;4900.0;20
296400;;;PEARLS;SEASHELLS;9998.0;5
296800;;;PEARLS;SEASHELLS;10002.0;5
297100;;;PEARLS;SEASHELLS;10004.0;1
297100;;;BANANAS;SEASHELLS;4897.0;1
297600;;;PEARLS;SEASHELLS;10002.0;2
297600;;;BANANAS;SEASHELLS;4890.0;2
298400;;;PEARLS;SEASHELLS;9998.0;1
298800;;;BANANAS;SEASHELLS;4891.0;9
298900;;;BANANAS;SEASHELLS;4890.0;1
298900;;;PEARLS;SEASHELLS;9995.0;1
299200;;;PEARLS;SEASHELLS;9996.0;2
299200;;;PEARLS;SEASHELLS;9996.0;10
299400;;;BANANAS;SEASHELLS;4890.0;1
299400;;;BANANAS;SEASHELLS;4890.0;2
299400;;;PEARLS;SEASHELLS;9996.0;1
299600;;;BANANAS;SEASHELLS;4890.0;1
299800;;;PEARLS;SEASHELLS;9998.0;1
299800;;;BANANAS;SEASHELLS;4896.0;1
299800;;;PEARLS;SEASHELLS;10004.0;1
299900;;;BANANAS;SEASHELLS;4890.0;1
299900;;;PEARLS;SEASHELLS;9996.0;1
300300;;;BANANAS;SEASHELLS;4895.0;1
300400;;;PEARLS;SEASHELLS;9995.0;2
300400;;;BANANAS;SEASHELLS;4890.0;1
300400;;;BANANAS;SEASHELLS;4890.0;2
300800;;;BANANAS;SEASHELLS;4891.0;1
301200;;;BANANAS;SEASHELLS;4896.0;1
301200;;;PEARLS;SEASHELLS;10004.0;1
301200;;;PEARLS;SEASHELLS;10004.0;1
301200;;;BANANAS;SEASHELLS;4897.0;2
301700;;;BANANAS;SEASHELLS;4892.0;2
301700;;;BANANAS;SEASHELLS;4892.0;18
301900;;;PEARLS;SEASHELLS;10002.0;1
302100;;;PEARLS;SEASHELLS;9998.0;1
302400;;;BANANAS;SEASHELLS;4890.0;1
302600;;;PEARLS;SEASHELLS;9998.0;1
302700;;;BANANAS;SEASHELLS;4894.0;5
302700;;;PEARLS;SEASHELLS;9998.0;1
303000;;;PEARLS;SEASHELLS;9998.0;5
303000;;;BANANAS;SEASHELLS;4890.0;3
303100;;;BANANAS;SEASHELLS;4890.0;1
303100;;;PEARLS;SEASHELLS;9998.0;1
303300;;;BANANAS;SEASHELLS;4894.0;9
303300;;;BANANAS;SEASHELLS;4894.0;4
303900;;;PEARLS;SEASHELLS;9998.0;1
304400;;;BANANAS;SEASHELLS;4895.0;1
304600;;;BANANAS;SEASHELLS;4896.0;1
305100;;;PEARLS;SEASHELLS;10002.0;1
305200;;;PEARLS;SEASHELLS;10002.0;1
305300;;;PEARLS;SEASHELLS;9998.0;5
305700;;;BANANAS;SEASHELLS;4896.0;1
305900;;;BANANAS;SEASHELLS;4897.0;1
305900;;;PEARLS;SEASHELLS;9996.0;1
306100;;;BANANAS;SEASHELLS;4897.0;1
306100;;;PEARLS;SEASHELLS;10004.0;1
306100;;;PEARLS;SEASHELLS;10005.0;1
306500;;;PEARLS;SEASHELLS;9996.0;2
306800;;;BANANAS;SEASHELLS;4896.0;2
307000;;;PEARLS;SEASHELLS;9998.0;3
307100;;;BANANAS;SEASHELLS;4891.0;1
307200;;;BANANAS;SEASHELLS;4891.0;2
307200;;;PEARLS;SEASHELLS;9995.0;2
307500;;;BANANAS;SEASHELLS;4897.0;1
307700;;;BANANAS;SEASHELLS;4892.0;1
308500;;;BANANAS;SEASHELLS;4898.0;1
308500;;;PEARLS;SEASHELLS;9995.0;1
308600;;;PEARLS;SEASHELLS;9998.0;1
308600;;;BANANAS;SEASHELLS;4893.0;1
308700;;;BANANAS;SEASHELLS;4893.0;5
308700;;;BANANAS;SEASHELLS;4893.0;1
308700;;;BANANAS;SEASHELLS;4894.0;4
308800;;;BANANAS;SEASHELLS;4897.0;3
308800;;;BANANAS;SEASHELLS;4897.0;6
309000;;;BANANAS;SEASHELLS;4892.0;1
309300;;;PEARLS;SEASHELLS;9998.0;1
309400;;;PEARLS;SEASHELLS;10002.0;1
309400;;;BANANAS;SEASHELLS;4897.0;1
309800;;;PEARLS;SEASHELLS;10002.0;1
310000;;;PEARLS;SEASHELLS;10002.0;1
310000;;;BANANAS;SEASHELLS;4897.0;9
310500;;;PEARLS;SEASHELLS;9998.0;1
310800;;;BANANAS;SEASHELLS;4898.0;1
310900;;;BANANAS;SEASHELLS;4893.0;1
311000;;;PEARLS;SEASHELLS;9998.0;1
311100;;;BANANAS;SEASHELLS;4898.0;1
311700;;;BANANAS;SEASHELLS;4893.0;1
311800;;;PEARLS;SEASHELLS;10002.0;1
311800;;;BANANAS;SEASHELLS;4898.0;5
312300;;;PEARLS;SEASHELLS;9996.0;1
312300;;;BANANAS;SEASHELLS;4896.0;2
312400;;;PEARLS;SEASHELLS;9998.0;1
313100;;;BANANAS;SEASHELLS;4893.0;3
313500;;;PEARLS;SEASHELLS;10004.0;2
313500;;;PEARLS;SEASHELLS;10004.0;6
314200;;;BANANAS;SEASHELLS;4892.0;8
314200;;;PEARLS;SEASHELLS;9996.0;1
314200;;;BANANAS;SEASHELLS;4891.0;2
314300;;;BANANAS;SEASHELLS;4896.0;1
314400;;;BANANAS;SEASHELLS;4891.0;1
314400;;;PEARLS;SEASHELLS;9996.0;1
314800;;;PEARLS;SEASHELLS;10002.0;4
314900;;;PEARLS;SEASHELLS;9996.0;1
314900;;;BANANAS;SEASHELLS;4891.0;1
315100;;;BANANAS;SEASHELLS;4891.0;1
315100;;;PEARLS;SEASHELLS;9998.0;1
315700;;;BANANAS;SEASHELLS;4897.0;1
316000;;;BANANAS;SEASHELLS;4896.0;1
316300;;;BANANAS;SEASHELLS;4897.0;7
316300;;;BANANAS;SEASHELLS;4891.0;1
316400;;;PEARLS;SEASHELLS;10002.0;1
316500;;;BANANAS;SEASHELLS;4891.0;1
316600;;;PEARLS;SEASHELLS;9996.0;2
316600;;;BANANAS;SEASHELLS;4891.0;2
317000;;;PEARLS;SEASHELLS;9998.0;1
317000;;;BANANAS;SEASHELLS;4897.0;1
317200;;;BANANAS;SEASHELLS;4891.0;1
317300;;;PEARLS;SEASHELLS;9998.0;1
317400;;;BANANAS;SEASHELLS;4892.0;1
317900;;;BANANAS;SEASHELLS;4896.0;1
318500;;;BANANAS;SEASHELLS;4897.0;1
318600;;;PEARLS;SEASHELLS;9996.0;1
318600;;;BANANAS;SEASHELLS;4891.0;2
318600;;;PEARLS;SEASHELLS;9996.0;1
319000;;;BANANAS;SEASHELLS;4895.0;1
319300;;;PEARLS;SEASHELLS;9996.0;1
319500;;;PEARLS;SEASHELLS;10002.0;7
319500;;;PEARLS;SEASHELLS;10002.0;1
320000;;;PEARLS;SEASHELLS;10002.0;1
320100;;;PEARLS;SEASHELLS;10005.0;2
320300;;;PEARLS;SEASHELLS;10002.0;1
320600;;;PEARLS;SEASHELLS;9996.0;1
320600;;;BANANAS;SEASHELLS;4890.0;1
321000;;;BANANAS;SEASHELLS;4890.0;1
321200;;;PEARLS;SEASHELLS;9998.0;1
321500;;;PEARLS;SEASHELLS;10002.0;1
321600;;;PEARLS;SEASHELLS;9998.0;1
321700;;;PEARLS;SEASHELLS;10002.0;2
322600;;;PEARLS;SEASHELLS;10002.0;1
322800;;;BANANAS;SEASHELLS;4895.0;1
322900;;;PEARLS;SEASHELLS;9998.0;2
322900;;;BANANAS;SEASHELLS;4890.0;2
322900;;;PEARLS;SEASHELLS;9998.0;5
322900;;;PEARLS;SEASHELLS;9998.0;1
323000;;;BANANAS;SEASHELLS;4891.0;1
323000;;;BANANAS;SEASHELLS;4891.0;4
323600;;;BANANAS;SEASHELLS;4894.0;1
323700;;;PEARLS;SEASHELLS;10002.0;2
323700;;;BANANAS;SEASHELLS;4895.0;1
324100;;;BANANAS;SEASHELLS;4895.0;2
324100;;;PEARLS;SEASHELLS;10004.0;1
324100;;;PEARLS;SEASHELLS;10004.0;1
324600;;;PEARLS;SEASHELLS;10002.0;1
324800;;;BANANAS;SEASHELLS;4894.0;1
325400;;;BANANAS;SEASHELLS;4888.0;1
325400;;;PEARLS;SEASHELLS;9998.0;1
325600;;;PEARLS;SEASHELLS;10004.0;1
325600;;;BANANAS;SEASHELLS;4894.0;1
326200;;;PEARLS;SEASHELLS;10002.0;1
326200;;;BANANAS;SEASHELLS;4894.0;1
326200;;;PEARLS;SEASHELLS;10004.0;1
326600;;;BANANAS;SEASHELLS;4892.0;8
326600;;;BANANAS;SEASHELLS;4892.0;6
326900;;;BANANAS;SEASHELLS;4888.0;1
326900;;;PEARLS;SEASHELLS;10002.0;2
327300;;;BANANAS;SEASHELLS;4894.0;1
327300;;;PEARLS;SEASHELLS;10005.0;1
327400;;;PEARLS;SEASHELLS;10002.0;1
327400;;;BANANAS;SEASHELLS;4887.0;2
327800;;;BANANAS;SEASHELLS;4887.0;1
328400;;;BANANAS;SEASHELLS;4893.0;1
328700;;;PEARLS;SEASHELLS;9995.0;2
328700;;;BANANAS;SEASHELLS;4889.0;2
329500;;;PEARLS;SEASHELLS;10005.0;2
329500;;;BANANAS;SEASHELLS;4896.0;2
329700;;;BANANAS;SEASHELLS;4890.0;1
330200;;;BANANAS;SEASHELLS;4896.0;1
330300;;;BANANAS;SEASHELLS;4895.0;2
330300;;;PEARLS;SEASHELLS;10002.0;2
330400;;;BANANAS;SEASHELLS;4891.0;1
330600;;;BANANAS;SEASHELLS;4890.0;1
330800;;;PEARLS;SEASHELLS;10004.0;1
330800;;;BANANAS;SEASHELLS;4896.0;1
330900;;;BANANAS;SEASHELLS;4894.0;1
331100;;;BANANAS;SEASHELLS;4889.0;1
331200;;;BANANAS;SEASHELLS;4890.0;1
331200;;;PEARLS;SEASHELLS;10002.0;1
331400;;;PEARLS;SEASHELLS;9998.0;1
331800;;;PEARLS;SEASHELLS;10002.0;1
332100;;;BANANAS;SEASHELLS;4888.0;1
332100;;;PEARLS;SEASHELLS;9998.0;1
332300;;;BANANAS;SEASHELLS;4887.0;1
332300;;;PEARLS;SEASHELLS;10002.0;1
332400;;;PEARLS;SEASHELLS;10005.0;2
332400;;;BANANAS;SEASHELLS;4893.0;2
332700;;;PEARLS;SEASHELLS;10004.0;2
334000;;;BANANAS;SEASHELLS;4893.0;1
334300;;;BANANAS;SEASHELLS;4893.0;1
335500;;;BANANAS;SEASHELLS;4888.0;4
336100;;;BANANAS;SEASHELLS;4888.0;1
336700;;;BANANAS;SEASHELLS;4892.0;1
336700;;;PEARLS;SEASHELLS;10004.0;1
337000;;;PEARLS;SEASHELLS;9998.0;1
337100;;;PEARLS;SEASHELLS;9998.0;1
337900;;;BANANAS;SEASHELLS;4893.0;1
338200;;;PEARLS;SEASHELLS;9996.0;1
338200;;;BANANAS;SEASHELLS;4887.0;1
338400;;;PEARLS;SEASHELLS;9998.0;1
338600;;;BANANAS;SEASHELLS;4885.0;2
338900;;;BANANAS;SEASHELLS;4892.0;8
339400;;;BANANAS;SEASHELLS;4891.0;3
339500;;;BANANAS;SEASHELLS;4886.0;11
339700;;;PEARLS;SEASHELLS;9995.0;2
340200;;;BANANAS;SEASHELLS;4890.0;1
340400;;;PEARLS;SEASHELLS;9996.0;1
340400;;;BANANAS;SEASHELLS;4888.0;1
341100;;;PEARLS;SEASHELLS;9998.0;1
341400;;;BANANAS;SEASHELLS;4893.0;1
341800;;;BANANAS;SEASHELLS;4893.0;11
342000;;;PEARLS;SEASHELLS;10002.0;1
342800;;;BANANAS;SEASHELLS;4885.0;1
342800;;;PEARLS;SEASHELLS;10004.0;1
342800;;;PEARLS;SEASHELLS;10004.0;1
342800;;;PEARLS;SEASHELLS;10004.0;1
342900;;;BANANAS;SEASHELLS;4884.0;2
342900;;;PEARLS;SEASHELLS;9996.0;1
342900;;;BANANAS;SEASHELLS;4885.0;1
343200;;;PEARLS;SEASHELLS;10002.0;3
343300;;;BANANAS;SEASHELLS;4884.0;1
343500;;;BANANAS;SEASHELLS;4884.0;1
343700;;;BANANAS;SEASHELLS;4888.0;3
343700;;;BANANAS;SEASHELLS;4888.0;9
343800;;;BANANAS;SEASHELLS;4888.0;1
344100;;;PEARLS;SEASHELLS;9998.0;1
344300;;;PEARLS;SEASHELLS;10002.0;3
344700;;;BANANAS;SEASHELLS;4885.0;3
344800;;;PEARLS;SEASHELLS;9995.0;5
344900;;;BANANAS;SEASHELLS;4883.0;2
344900;;;PEARLS;SEASHELLS;9995.0;2
345200;;;BANANAS;SEASHELLS;4889.0;1
345300;;;PEARLS;SEASHELLS;9998.0;1
345500;;;BANANAS;SEASHELLS;4889.0;1
346400;;;BANANAS;SEASHELLS;4884.0;1
346600;;;BANANAS;SEASHELLS;4887.0;2
346700;;;BANANAS;SEASHELLS;4887.0;4
346800;;;PEARLS;SEASHELLS;10005.0;5
346900;;;PEARLS;SEASHELLS;9998.0;1
347100;;;BANANAS;SEASHELLS;4887.0;5
347100;;;PEARLS;SEASHELLS;10002.0;1
347300;;;PEARLS;SEASHELLS;10004.0;2
347900;;;PEARLS;SEASHELLS;9995.0;7
348100;;;PEARLS;SEASHELLS;9998.0;5
348900;;;BANANAS;SEASHELLS;4885.0;2
349300;;;BANANAS;SEASHELLS;4891.0;1
349400;;;BANANAS;SEASHELLS;4891.0;1
350300;;;PEARLS;SEASHELLS;10002.0;2
350400;;;BANANAS;SEASHELLS;4888.0;1
350600;;;BANANAS;SEASHELLS;4887.0;16
350900;;;BANANAS;SEASHELLS;4890.0;5
350900;;;BANANAS;SEASHELLS;4893.0;1
351000;;;PEARLS;SEASHELLS;10002.0;1
351300;;;BANANAS;SEASHELLS;4895.0;6
351700;;;PEARLS;SEASHELLS;9998.0;1
351900;;;PEARLS;SEASHELLS;10002.0;1
351900;;;BANANAS;SEASHELLS;4888.0;1
352000;;;BANANAS;SEASHELLS;4893.0;6
352000;;;BANANAS;SEASHELLS;4893.0;6
353100;;;PEARLS;SEASHELLS;10002.0;1
353900;;;PEARLS;SEASHELLS;9996.0;1
353900;;;BANANAS;SEASHELLS;4887.0;1
354600;;;BANANAS;SEASHELLS;4887.0;1
354900;;;BANANAS;SEASHELLS;4893.0;7
355000;;;PEARLS;SEASHELLS;10002.0;1
355000;;;BANANAS;SEASHELLS;4892.0;1
355600;;;BANANAS;SEASHELLS;4887.0;1
355700;;;PEARLS;SEASHELLS;10005.0;4
355800;;;BANANAS;SEASHELLS;4887.0;1
355800;;;BANANAS;SEASHELLS;4888.0;1
355800;;;BANANAS;SEASHELLS;4888.0;3
356600;;;BANANAS;SEASHELLS;4886.0;7
356800;;;PEARLS;SEASHELLS;9998.0;4
356800;;;BANANAS;SEASHELLS;4887.0;2
357200;;;PEARLS;SEASHELLS;9998.0;7
357400;;;PEARLS;SEASHELLS;9998.0;1
357600;;;BANANAS;SEASHELLS;4890.0;6
357600;;;BANANAS;SEASHELLS;4883.0;2
357600;;;PEARLS;SEASHELLS;9995.0;2
358100;;;BANANAS;SEASHELLS;4884.0;1
358200;;;BANANAS;SEASHELLS;4886.0;8
358300;;;BANANAS;SEASHELLS;4890.0;8
358500;;;PEARLS;SEASHELLS;9998.0;1
358500;;;BANANAS;SEASHELLS;4891.0;3
358900;;;PEARLS;SEASHELLS;10002.0;1
358900;;;BANANAS;SEASHELLS;4884.0;1
359100;;;PEARLS;SEASHELLS;10004.0;1
359300;;;PEARLS;SEASHELLS;10005.0;1
359300;;;BANANAS;SEASHELLS;4892.0;1
359400;;;BANANAS;SEASHELLS;4886.0;1
359400;;;BANANAS;SEASHELLS;4886.0;1
359700;;;PEARLS;SEASHELLS;10002.0;1
359900;;;PEARLS;SEASHELLS;9996.0;1
359900;;;BANANAS;SEASHELLS;4885.0;2
360000;;;BANANAS;SEASHELLS;4892.0;1
360000;;;PEARLS;SEASHELLS;10005.0;1
360300;;;PEARLS;SEASHELLS;10002.0;2
360600;;;PEARLS;SEASHELLS;9996.0;3
360600;;;PEARLS;SEASHELLS;9996.0;2
360600;;;BANANAS;SEASHELLS;4886.0;2
361800;;;PEARLS;SEASHELLS;9998.0;1
362000;;;PEARLS;SEASHELLS;9995.0;11
362100;;;PEARLS;SEASHELLS;10002.0;1
362400;;;BANANAS;SEASHELLS;4889.0;8
362400;;;BANANAS;SEASHELLS;4889.0;1
362900;;;BANANAS;SEASHELLS;4889.0;1
363100;;;PEARLS;SEASHELLS;9998.0;1
363200;;;PEARLS;SEASHELLS;10005.0;2
363200;;;BANANAS;SEASHELLS;4890.0;2
363300;;;BANANAS;SEASHELLS;4884.0;1
363600;;;PEARLS;SEASHELLS;10002.0;4
363600;;;BANANAS;SEASHELLS;4883.0;1
363600;;;PEARLS;SEASHELLS;10002.0;1
363800;;;BANANAS;SEASHELLS;4888.0;3
363800;;;BANANAS;SEASHELLS;4889.0;1
364000;;;PEARLS;SEASHELLS;10002.0;3
364000;;;BANANAS;SEASHELLS;4889.0;1
364000;;;PEARLS;SEASHELLS;10002.0;1
364000;;;PEARLS;SEASHELLS;10002.0;1
364100;;;PEARLS;SEASHELLS;9998.0;1
364300;;;BANANAS;SEASHELLS;4891.0;1
364400;;;BANANAS;SEASHELLS;4887.0;2
364400;;;PEARLS;SEASHELLS;9998.0;1
364900;;;BANANAS;SEASHELLS;4887.0;2
365000;;;PEARLS;SEASHELLS;10002.0;4
365000;;;PEARLS;SEASHELLS;10002.0;1
365100;;;PEARLS;SEASHELLS;9998.0;1
365200;;;BANANAS;SEASHELLS;4893.0;2
365200;;;PEARLS;SEASHELLS;10004.0;2
365400;;;BANANAS;SEASHELLS;4886.0;1
365600;;;PEARLS;SEASHELLS;9998.0;3
365600;;;BANANAS;SEASHELLS;4887.0;1
365600;;;PEARLS;SEASHELLS;10004.0;2
365900;;;PEARLS;SEASHELLS;9996.0;1
365900;;;PEARLS;SEASHELLS;9996.0;3
366000;;;PEARLS;SEASHELLS;10002.0;1
366300;;;BANANAS;SEASHELLS;4887.0;8
366700;;;BANANAS;SEASHELLS;4890.0;1
367400;;;BANANAS;SEASHELLS;4892.0;1
367400;;;PEARLS;SEASHELLS;9998.0;1
368000;;;PEARLS;SEASHELLS;10002.0;1
368000;;;BANANAS;SEASHELLS;4887.0;5
368700;;;PEARLS;SEASHELLS;10002.0;4
368700;;;PEARLS;SEASHELLS;10005.0;1
368700;;;BANANAS;SEASHELLS;4893.0;1
368900;;;PEARLS;SEASHELLS;9998.0;1
369000;;;BANANAS;SEASHELLS;4885.0;1
369100;;;PEARLS;SEASHELLS;9996.0;2
369500;;;BANANAS;SEASHELLS;4885.0;9
369600;;;PEARLS;SEASHELLS;10002.0;4
369700;;;PEARLS;SEASHELLS;9998.0;1
370100;;;BANANAS;SEASHELLS;4890.0;2
370100;;;BANANAS;SEASHELLS;4890.0;2
370200;;;BANANAS;SEASHELLS;4892.0;19
370500;;;BANANAS;SEASHELLS;4886.0;1
370900;;;PEARLS;SEASHELLS;10002.0;6
371200;;;BANANAS;SEASHELLS;4893.0;10
371600;;;BANANAS;SEASHELLS;4887.0;1
371600;;;PEARLS;SEASHELLS;10002.0;1
371600;;;PEARLS;SEASHELLS;10002.0;4
372000;;;BANANAS;SEASHELLS;4886.0;1
372300;;;BANANAS;SEASHELLS;4887.0;7
372700;;;BANANAS;SEASHELLS;4886.0;2
372800;;;BANANAS;SEASHELLS;4886.0;1
372800;;;PEARLS;SEASHELLS;10004.0;1
372900;;;BANANAS;SEASHELLS;4887.0;1
373200;;;PEARLS;SEASHELLS;9998.0;1
373600;;;BANANAS;SEASHELLS;4887.0;1
373600;;;BANANAS;SEASHELLS;4886.0;1
373600;;;PEARLS;SEASHELLS;9998.0;1
373900;;;PEARLS;SEASHELLS;9998.0;1
374100;;;BANANAS;SEASHELLS;4891.0;2
374700;;;PEARLS;SEASHELLS;9998.0;1
375100;;;BANANAS;SEASHELLS;4887.0;1
375100;;;BANANAS;SEASHELLS;4887.0;2
375400;;;BANANAS;SEASHELLS;4888.0;1
375700;;;BANANAS;SEASHELLS;4894.0;16
375900;;;PEARLS;SEASHELLS;9998.0;1
376000;;;PEARLS;SEASHELLS;9998.0;1
376100;;;PEARLS;SEASHELLS;10002.0;2
376400;;;BANANAS;SEASHELLS;4889.0;1
376400;;;PEARLS;SEASHELLS;10002.0;1
376400;;;PEARLS;SEASHELLS;10002.0;2
376800;;;PEARLS;SEASHELLS;9998.0;1
376800;;;BANANAS;SEASHELLS;4893.0;2
377000;;;PEARLS;SEASHELLS;9998.0;1
377200;;;PEARLS;SEASHELLS;9998.0;1
377400;;;PEARLS;SEASHELLS;10004.0;1
377400;;;BANANAS;SEASHELLS;4892.0;1
377800;;;BANANAS;SEASHELLS;4888.0;5
378000;;;PEARLS;SEASHELLS;9998.0;1
378300;;;BANANAS;SEASHELLS;4891.0;9
378400;;;PEARLS;SEASHELLS;10002.0;1
378400;;;PEARLS;SEASHELLS;10002.0;3
378500;;;PEARLS;SEASHELLS;10002.0;1
378500;;;BANANAS;SEASHELLS;4891.0;1
378600;;;BANANAS;SEASHELLS;4886.0;12
379100;;;BANANAS;SEASHELLS;4891.0;1
379500;;;BANANAS;SEASHELLS;4892.0;1
379600;;;BANANAS;SEASHELLS;4888.0;1
379800;;;BANANAS;SEASHELLS;4887.0;1
380200;;;BANANAS;SEASHELLS;4892.0;1
380500;;;BANANAS;SEASHELLS;4889.0;5
380900;;;BANANAS;SEASHELLS;4888.0;1
380900;;;BANANAS;SEASHELLS;4889.0;5
381100;;;BANANAS;SEASHELLS;4888.0;1
381100;;;PEARLS;SEASHELLS;10002.0;1
381100;;;PEARLS;SEASHELLS;10002.0;4
381300;;;BANANAS;SEASHELLS;4895.0;1
381300;;;PEARLS;SEASHELLS;10004.0;1
381500;;;BANANAS;SEASHELLS;4894.0;1
381700;;;PEARLS;SEASHELLS;9998.0;1
381700;;;BANANAS;SEASHELLS;4888.0;1
381700;;;BANANAS;SEASHELLS;4888.0;5
381800;;;BANANAS;SEASHELLS;4895.0;1
381800;;;PEARLS;SEASHELLS;10005.0;1
381900;;;BANANAS;SEASHELLS;4889.0;1
382200;;;PEARLS;SEASHELLS;9995.0;3
382500;;;PEARLS;SEASHELLS;9998.0;1
383600;;;BANANAS;SEASHELLS;4896.0;1
383900;;;PEARLS;SEASHELLS;10004.0;1
383900;;;BANANAS;SEASHELLS;4894.0;2
383900;;;PEARLS;SEASHELLS;10004.0;1
383900;;;PEARLS;SEASHELLS;9998.0;4
384600;;;BANANAS;SEASHELLS;4897.0;1
384600;;;PEARLS;SEASHELLS;10005.0;1
384900;;;PEARLS;SEASHELLS;9998.0;1
385000;;;BANANAS;SEASHELLS;4890.0;1
385000;;;PEARLS;SEASHELLS;9995.0;1
385300;;;BANANAS;SEASHELLS;4894.0;1
385300;;;PEARLS;SEASHELLS;9995.0;1
385300;;;PEARLS;SEASHELLS;10002.0;1
385600;;;BANANAS;SEASHELLS;4894.0;1
385800;;;BANANAS;SEASHELLS;4894.0;1
385800;;;BANANAS;SEASHELLS;4893.0;4
385900;;;PEARLS;SEASHELLS;10002.0;1
386000;;;BANANAS;SEASHELLS;4894.0;7
386100;;;PEARLS;SEASHELLS;10002.0;1
386200;;;BANANAS;SEASHELLS;4896.0;2
386200;;;PEARLS;SEASHELLS;10004.0;2
386300;;;BANANAS;SEASHELLS;4895.0;1
386400;;;PEARLS;SEASHELLS;10002.0;2
386500;;;BANANAS;SEASHELLS;4889.0;7
386600;;;PEARLS;SEASHELLS;9998.0;2
386700;;;PEARLS;SEASHELLS;10004.0;2
386700;;;BANANAS;SEASHELLS;4897.0;2
386800;;;BANANAS;SEASHELLS;4895.0;3
386800;;;PEARLS;SEASHELLS;10002.0;4
387100;;;BANANAS;SEASHELLS;4894.0;3
387900;;;BANANAS;SEASHELLS;4895.0;1
388000;;;PEARLS;SEASHELLS;9998.0;2
388700;;;BANANAS;SEASHELLS;4890.0;1
389000;;;PEARLS;SEASHELLS;10004.0;1
389000;;;BANANAS;SEASHELLS;4896.0;1
389200;;;BANANAS;SEASHELLS;4895.0;1
389300;;;PEARLS;SEASHELLS;9996.0;2
389300;;;PEARLS;SEASHELLS;9996.0;10
389400;;;BANANAS;SEASHELLS;4890.0;4
389400;;;PEARLS;SEASHELLS;9995.0;1
389400;;;BANANAS;SEASHELLS;4889.0;1
389900;;;PEARLS;SEASHELLS;10002.0;1
390200;;;BANANAS;SEASHELLS;4895.0;2
390200;;;PEARLS;SEASHELLS;10004.0;1
390600;;;PEARLS;SEASHELLS;9998.0;1
391500;;;PEARLS;SEASHELLS;10005.0;8
391500;;;BANANAS;SEASHELLS;4888.0;1
392000;;;PEARLS;SEASHELLS;9996.0;1
392000;;;BANANAS;SEASHELLS;4888.0;2
392000;;;PEARLS;SEASHELLS;9996.0;1
392200;;;BANANAS;SEASHELLS;4889.0;1
392700;;;BANANAS;SEASHELLS;4889.0;8
392700;;;BANANAS;SEASHELLS;4889.0;2
392800;;;PEARLS;SEASHELLS;10004.0;2
392800;;;BANANAS;SEASHELLS;4894.0;2
393000;;;PEARLS;SEASHELLS;9998.0;1
393300;;;BANANAS;SEASHELLS;4893.0;1
393400;;;BANANAS;SEASHELLS;4888.0;14
393500;;;BANANAS;SEASHELLS;4895.0;4
393800;;;BANANAS;SEASHELLS;4888.0;2
393800;;;PEARLS;SEASHELLS;9998.0;1
393800;;;PEARLS;SEASHELLS;9996.0;2
394100;;;BANANAS;SEASHELLS;4893.0;2
394100;;;PEARLS;SEASHELLS;9998.0;1
394100;;;PEARLS;SEASHELLS;9998.0;7
394100;;;PEARLS;SEASHELLS;9998.0;2
394200;;;PEARLS;SEASHELLS;9998.0;1
394200;;;BANANAS;SEASHELLS;4887.0;1
394300;;;BANANAS;SEASHELLS;4893.0;1
394300;;;PEARLS;SEASHELLS;10004.0;1
394600;;;BANANAS;SEASHELLS;4887.0;1
394600;;;PEARLS;SEASHELLS;9995.0;2
395300;;;PEARLS;SEASHELLS;9998.0;5
395500;;;BANANAS;SEASHELLS;4887.0;18
395600;;;BANANAS;SEASHELLS;4889.0;1
395600;;;PEARLS;SEASHELLS;9998.0;1
396100;;;PEARLS;SEASHELLS;9998.0;2
396200;;;PEARLS;SEASHELLS;10005.0;8
396300;;;PEARLS;SEASHELLS;10002.0;1
397000;;;PEARLS;SEASHELLS;10004.0;1
397000;;;BANANAS;SEASHELLS;4895.0;2
397300;;;PEARLS;SEASHELLS;10002.0;1
397600;;;PEARLS;SEASHELLS;9995.0;2
397600;;;BANANAS;SEASHELLS;4893.0;2
397700;;;BANANAS;SEASHELLS;4890.0;8
397700;;;PEARLS;SEASHELLS;9998.0;4
397700;;;BANANAS;SEASHELLS;4889.0;1
398000;;;PEARLS;SEASHELLS;10004.0;1
398000;;;PEARLS;SEASHELLS;10004.0;10
398400;;;PEARLS;SEASHELLS;9998.0;1
398700;;;BANANAS;SEASHELLS;4890.0;1
399000;;;BANANAS;SEASHELLS;4895.0;1
399100;;;BANANAS;SEASHELLS;4890.0;1
399200;;;BANANAS;SEASHELLS;4892.0;4
399900;;;PEARLS;SEASHELLS;9996.0;2
400000;;;BANANAS;SEASHELLS;4890.0;1
400300;;;BANANAS;SEASHELLS;4890.0;1
400700;;;BANANAS;SEASHELLS;4892.0;1
400800;;;BANANAS;SEASHELLS;4896.0;1
401100;;;PEARLS;SEASHELLS;9996.0;2
401100;;;BANANAS;SEASHELLS;4890.0;2
402100;;;BANANAS;SEASHELLS;4891.0;1
402400;;;PEARLS;SEASHELLS;10002.0;1
402600;;;BANANAS;SEASHELLS;4895.0;1
403300;;;BANANAS;SEASHELLS;4892.0;2
403400;;;PEARLS;SEASHELLS;10002.0;1
403400;;;BANANAS;SEASHELLS;4891.0;1
403600;;;PEARLS;SEASHELLS;10002.0;2
403600;;;PEARLS;SEASHELLS;10002.0;3
404300;;;BANANAS;SEASHELLS;4896.0;13
404300;;;BANANAS;SEASHELLS;4893.0;1
404400;;;BANANAS;SEASHELLS;4891.0;1
404500;;;BANANAS;SEASHELLS;4898.0;2
404500;;;PEARLS;SEASHELLS;10005.0;2
404700;;;PEARLS;SEASHELLS;9996.0;2
404700;;;PEARLS;SEASHELLS;9996.0;7
404800;;;PEARLS;SEASHELLS;9995.0;10
404800;;;BANANAS;SEASHELLS;4894.0;1
405000;;;BANANAS;SEASHELLS;4896.0;1
405000;;;PEARLS;SEASHELLS;10002.0;1
405300;;;PEARLS;SEASHELLS;9998.0;1
405300;;;PEARLS;SEASHELLS;9998.0;1
405600;;;PEARLS;SEASHELLS;9996.0;10
405600;;;BANANAS;SEASHELLS;4892.0;2
405600;;;PEARLS;SEASHELLS;9996.0;2
405600;;;PEARLS;SEASHELLS;9995.0;3
405600;;;PEARLS;SEASHELLS;9995.0;2
405700;;;BANANAS;SEASHELLS;4898.0;7
407500;;;BANANAS;SEASHELLS;4894.0;12
407600;;;BANANAS;SEASHELLS;4895.0;1
407600;;;PEARLS;SEASHELLS;10004.0;2
407600;;;PEARLS;SEASHELLS;10004.0;1
407700;;;PEARLS;SEASHELLS;10002.0;3
408200;;;PEARLS;SEASHELLS;9996.0;10
408200;;;PEARLS;SEASHELLS;9996.0;1
408400;;;BANANAS;SEASHELLS;4897.0;2
408400;;;PEARLS;SEASHELLS;9998.0;2
408600;;;BANANAS;SEASHELLS;4896.0;2
408600;;;PEARLS;SEASHELLS;10004.0;1
409000;;;PEARLS;SEASHELLS;10002.0;1
409400;;;BANANAS;SEASHELLS;4896.0;2
409400;;;PEARLS;SEASHELLS;10000.0;2
409700;;;BANANAS;SEASHELLS;4896.0;13
409900;;;BANANAS;SEASHELLS;4896.0;5
410000;;;BANANAS;SEASHELLS;4889.0;1
410000;;;BANANAS;SEASHELLS;4894.0;10
410100;;;BANANAS;SEASHELLS;4890.0;2
410100;;;PEARLS;SEASHELLS;9998.0;2
410200;;;PEARLS;SEASHELLS;9998.0;1
410400;;;BANANAS;SEASHELLS;4893.0;2
410400;;;BANANAS;SEASHELLS;4891.0;1
410800;;;PEARLS;SEASHELLS;10002.0;1
410800;;;BANANAS;SEASHELLS;4890.0;2
411400;;;BANANAS;SEASHELLS;4891.0;1
411500;;;BANANAS;SEASHELLS;4892.0;1
411500;;;PEARLS;SEASHELLS;9998.0;2
411700;;;BANANAS;SEASHELLS;4897.0;1
411800;;;BANANAS;SEASHELLS;4898.0;1
413100;;;BANANAS;SEASHELLS;4892.0;1
413200;;;BANANAS;SEASHELLS;4892.0;19
413300;;;BANANAS;SEASHELLS;4897.0;1
413400;;;BANANAS;SEASHELLS;4892.0;1
413500;;;PEARLS;SEASHELLS;10002.0;1
413800;;;PEARLS;SEASHELLS;9996.0;2
413800;;;BANANAS;SEASHELLS;4896.0;1
413900;;;BANANAS;SEASHELLS;4892.0;1
414400;;;BANANAS;SEASHELLS;4897.0;1
414400;;;PEARLS;SEASHELLS;10004.0;1
414600;;;BANANAS;SEASHELLS;4897.0;1
414600;;;PEARLS;SEASHELLS;9998.0;1
414600;;;PEARLS;SEASHELLS;9998.0;3
415000;;;PEARLS;SEASHELLS;10002.0;3
415200;;;BANANAS;SEASHELLS;4896.0;1
415300;;;PEARLS;SEASHELLS;9998.0;1
415600;;;PEARLS;SEASHELLS;10005.0;2
415600;;;BANANAS;SEASHELLS;4892.0;1
415800;;;PEARLS;SEASHELLS;9996.0;2
415800;;;PEARLS;SEASHELLS;9996.0;6
416100;;;BANANAS;SEASHELLS;4897.0;1
416200;;;PEARLS;SEASHELLS;9998.0;1
416200;;;BANANAS;SEASHELLS;4892.0;11
416600;;;PEARLS;SEASHELLS;9996.0;5
416600;;;PEARLS;SEASHELLS;9996.0;2
416800;;;PEARLS;SEASHELLS;9996.0;1
416800;;;BANANAS;SEASHELLS;4899.0;1
416800;;;PEARLS;SEASHELLS;9996.0;6
416800;;;PEARLS;SEASHELLS;9996.0;1
417000;;;PEARLS;SEASHELLS;9998.0;2
417300;;;PEARLS;SEASHELLS;10002.0;1
417600;;;BANANAS;SEASHELLS;4896.0;1
418000;;;BANANAS;SEASHELLS;4897.0;2
418200;;;BANANAS;SEASHELLS;4890.0;2
418200;;;PEARLS;SEASHELLS;9996.0;1
418200;;;PEARLS;SEASHELLS;9996.0;1
418400;;;PEARLS;SEASHELLS;10004.0;2
418400;;;BANANAS;SEASHELLS;4897.0;2
418400;;;BANANAS;SEASHELLS;4895.0;1
418800;;;BANANAS;SEASHELLS;4895.0;1
418900;;;PEARLS;SEASHELLS;9998.0;1
418900;;;BANANAS;SEASHELLS;4891.0;1
418900;;;PEARLS;SEASHELLS;10005.0;10
419000;;;BANANAS;SEASHELLS;4895.0;4
419600;;;BANANAS;SEASHELLS;4891.0;1
419600;;;PEARLS;SEASHELLS;9996.0;1
419700;;;PEARLS;SEASHELLS;10004.0;1
420000;;;BANANAS;SEASHELLS;4897.0;1
420200;;;BANANAS;SEASHELLS;4896.0;1
420200;;;PEARLS;SEASHELLS;9995.0;2
420300;;;PEARLS;SEASHELLS;10004.0;8
420300;;;PEARLS;SEASHELLS;10004.0;1
420400;;;BANANAS;SEASHELLS;4896.0;1
420800;;;PEARLS;SEASHELLS;9998.0;1
421100;;;BANANAS;SEASHELLS;4892.0;1
421400;;;BANANAS;SEASHELLS;4892.0;2
421400;;;PEARLS;SEASHELLS;9996.0;2
422200;;;PEARLS;SEASHELLS;10002.0;4
422300;;;BANANAS;SEASHELLS;4896.0;1
422300;;;BANANAS;SEASHELLS;4896.0;2
422400;;;BANANAS;SEASHELLS;4892.0;9
422400;;;BANANAS;SEASHELLS;4892.0;3
422700;;;BANANAS;SEASHELLS;4892.0;1
423300;;;PEARLS;SEASHELLS;9998.0;1
423400;;;PEARLS;SEASHELLS;9998.0;1
423700;;;BANANAS;SEASHELLS;4890.0;1
424000;;;BANANAS;SEASHELLS;4891.0;4
424800;;;PEARLS;SEASHELLS;9995.0;6
425300;;;PEARLS;SEASHELLS;9998.0;2
425500;;;BANANAS;SEASHELLS;4891.0;11
425500;;;BANANAS;SEASHELLS;4895.0;1
425600;;;BANANAS;SEASHELLS;4891.0;7
425600;;;BANANAS;SEASHELLS;4891.0;1
425700;;;BANANAS;SEASHELLS;4891.0;1
425800;;;BANANAS;SEASHELLS;4897.0;1
425800;;;PEARLS;SEASHELLS;9998.0;2
425800;;;PEARLS;SEASHELLS;10000.0;1
425800;;;PEARLS;SEASHELLS;10000.0;4
425900;;;PEARLS;SEASHELLS;9998.0;1
425900;;;PEARLS;SEASHELLS;9998.0;4
426500;;;BANANAS;SEASHELLS;4896.0;1
426600;;;PEARLS;SEASHELLS;9998.0;10
426800;;;BANANAS;SEASHELLS;4895.0;1
427100;;;BANANAS;SEASHELLS;4896.0;3
427100;;;BANANAS;SEASHELLS;4896.0;1
427500;;;BANANAS;SEASHELLS;4894.0;3
427500;;;PEARLS;SEASHELLS;10002.0;8
427800;;;BANANAS;SEASHELLS;4894.0;1
428000;;;BANANAS;SEASHELLS;4894.0;7
428000;;;BANANAS;SEASHELLS;4894.0;5
428200;;;PEARLS;SEASHELLS;10002.0;1
428300;;;BANANAS;SEASHELLS;4893.0;1
428300;;;PEARLS;SEASHELLS;9998.0;2
428900;;;BANANAS;SEASHELLS;4892.0;1
429000;;;PEARLS;SEASHELLS;10004.0;1
429100;;;BANANAS;SEASHELLS;4893.0;1
429100;;;BANANAS;SEASHELLS;4893.0;1
429100;;;PEARLS;SEASHELLS;9996.0;1
429100;;;PEARLS;SEASHELLS;9996.0;1
429600;;;PEARLS;SEASHELLS;9996.0;1
429600;;;BANANAS;SEASHELLS;4898.0;1
429800;;;BANANAS;SEASHELLS;4893.0;1
429900;;;PEARLS;SEASHELLS;9996.0;1
429900;;;BANANAS;SEASHELLS;4893.0;1
429900;;;BANANAS;SEASHELLS;4892.0;6
430000;;;BANANAS;SEASHELLS;4897.0;4
430200;;;PEARLS;SEASHELLS;9998.0;1
430400;;;PEARLS;SEASHELLS;10002.0;4
431100;;;BANANAS;SEASHELLS;4895.0;1
431400;;;BANANAS;SEASHELLS;4900.0;1
431900;;;BANANAS;SEASHELLS;4896.0;3
431900;;;PEARLS;SEASHELLS;10002.0;1
433000;;;BANANAS;SEASHELLS;4899.0;1
433000;;;BANANAS;SEASHELLS;4895.0;7
433100;;;BANANAS;SEASHELLS;4899.0;1
433100;;;PEARLS;SEASHELLS;10002.0;1
433400;;;BANANAS;SEASHELLS;4898.0;7
433500;;;PEARLS;SEASHELLS;9996.0;2
433500;;;BANANAS;SEASHELLS;4895.0;2
433800;;;PEARLS;SEASHELLS;10002.0;1
434400;;;BANANAS;SEASHELLS;4896.0;13
434500;;;PEARLS;SEASHELLS;10004.0;1
434500;;;BANANAS;SEASHELLS;4891.0;1
434500;;;BANANAS;SEASHELLS;4897.0;1
434600;;;PEARLS;SEASHELLS;9998.0;3
434600;;;PEARLS;SEASHELLS;9998.0;6
434800;;;BANANAS;SEASHELLS;4892.0;3
434900;;;PEARLS;SEASHELLS;9996.0;1
434900;;;BANANAS;SEASHELLS;4891.0;1
435000;;;PEARLS;SEASHELLS;9998.0;1
435600;;;BANANAS;SEASHELLS;4890.0;1
435700;;;BANANAS;SEASHELLS;4890.0;2
435700;;;PEARLS;SEASHELLS;10000.0;2
436100;;;BANANAS;SEASHELLS;4895.0;1
436200;;;BANANAS;SEASHELLS;4891.0;2
436500;;;PEARLS;SEASHELLS;10002.0;1
436900;;;PEARLS;SEASHELLS;10002.0;1
436900;;;BANANAS;SEASHELLS;4890.0;1
437300;;;BANANAS;SEASHELLS;4895.0;1
437300;;;PEARLS;SEASHELLS;9996.0;1
437700;;;BANANAS;SEASHELLS;4896.0;16
438000;;;BANANAS;SEASHELLS;4894.0;6
438000;;;BANANAS;SEASHELLS;4894.0;4
438000;;;BANANAS;SEASHELLS;4889.0;1
438400;;;BANANAS;SEASHELLS;4895.0;1
438600;;;BANANAS;SEASHELLS;4897.0;7
438600;;;PEARLS;SEASHELLS;9998.0;1
438700;;;PEARLS;SEASHELLS;10002.0;1
438700;;;BANANAS;SEASHELLS;4891.0;1
438800;;;PEARLS;SEASHELLS;9998.0;1
438800;;;BANANAS;SEASHELLS;4895.0;1
438800;;;BANANAS;SEASHELLS;4895.0;9
438800;;;BANANAS;SEASHELLS;4891.0;1
439000;;;BANANAS;SEASHELLS;4891.0;1
439100;;;BANANAS;SEASHELLS;4891.0;1
439300;;;PEARLS;SEASHELLS;10004.0;1
439300;;;BANANAS;SEASHELLS;4891.0;7
439300;;;BANANAS;SEASHELLS;4891.0;2
439300;;;PEARLS;SEASHELLS;10004.0;1
439500;;;BANANAS;SEASHELLS;4896.0;6
439500;;;PEARLS;SEASHELLS;9998.0;2
439600;;;PEARLS;SEASHELLS;10002.0;1
439700;;;PEARLS;SEASHELLS;10002.0;1
439800;;;BANANAS;SEASHELLS;4894.0;1
439800;;;BANANAS;SEASHELLS;4894.0;3
439800;;;BANANAS;SEASHELLS;4891.0;6
440000;;;BANANAS;SEASHELLS;4895.0;1
440000;;;PEARLS;SEASHELLS;10002.0;1
440000;;;BANANAS;SEASHELLS;4896.0;2
440100;;;PEARLS;SEASHELLS;10002.0;4
441200;;;BANANAS;SEASHELLS;4892.0;1
441300;;;PEARLS;SEASHELLS;10002.0;2
441400;;;BANANAS;SEASHELLS;4892.0;1
441400;;;BANANAS;SEASHELLS;4892.0;1
441700;;;BANANAS;SEASHELLS;4896.0;1
441700;;;BANANAS;SEASHELLS;4898.0;2
441700;;;PEARLS;SEASHELLS;9998.0;1
442200;;;PEARLS;SEASHELLS;10002.0;1
442400;;;BANANAS;SEASHELLS;4898.0;1
442400;;;PEARLS;SEASHELLS;10002.0;2
443000;;;BANANAS;SEASHELLS;4898.0;4
443100;;;PEARLS;SEASHELLS;10002.0;1
443100;;;BANANAS;SEASHELLS;4896.0;2
443300;;;BANANAS;SEASHELLS;4893.0;2
443300;;;BANANAS;SEASHELLS;4892.0;1
443800;;;BANANAS;SEASHELLS;4893.0;2
444600;;;BANANAS;SEASHELLS;4894.0;5
444700;;;PEARLS;SEASHELLS;9996.0;2
444700;;;PEARLS;SEASHELLS;9996.0;5
444800;;;BANANAS;SEASHELLS;4891.0;1
445200;;;PEARLS;SEASHELLS;9995.0;1
445200;;;BANANAS;SEASHELLS;4897.0;1
445400;;;BANANAS;SEASHELLS;4893.0;1
445400;;;PEARLS;SEASHELLS;9996.0;1
445700;;;PEARLS;SEASHELLS;9998.0;1
445700;;;BANANAS;SEASHELLS;4897.0;2
446300;;;PEARLS;SEASHELLS;9998.0;4
446400;;;PEARLS;SEASHELLS;9998.0;1
446600;;;BANANAS;SEASHELLS;4896.0;1
446800;;;PEARLS;SEASHELLS;10002.0;3
447100;;;BANANAS;SEASHELLS;4895.0;1
447800;;;BANANAS;SEASHELLS;4890.0;1
447800;;;PEARLS;SEASHELLS;9998.0;6
447800;;;PEARLS;SEASHELLS;9998.0;2
447900;;;PEARLS;SEASHELLS;10002.0;1
447900;;;BANANAS;SEASHELLS;4894.0;1
448200;;;PEARLS;SEASHELLS;10004.0;1
448200;;;BANANAS;SEASHELLS;4891.0;1
448400;;;BANANAS;SEASHELLS;4897.0;11
448400;;;PEARLS;SEASHELLS;9998.0;1
448600;;;PEARLS;SEASHELLS;10002.0;1
448700;;;BANANAS;SEASHELLS;4890.0;1
448800;;;BANANAS;SEASHELLS;4890.0;1
448800;;;PEARLS;SEASHELLS;9998.0;1
449500;;;PEARLS;SEASHELLS;10002.0;5
449500;;;PEARLS;SEASHELLS;10005.0;12
449500;;;PEARLS;SEASHELLS;10002.0;1
449700;;;PEARLS;SEASHELLS;9998.0;9
449800;;;BANANAS;SEASHELLS;4889.0;5
449900;;;BANANAS;SEASHELLS;4888.0;1
449900;;;PEARLS;SEASHELLS;9995.0;1
450700;;;PEARLS;SEASHELLS;10002.0;1
450700;;;PEARLS;SEASHELLS;10004.0;2
450700;;;PEARLS;SEASHELLS;10004.0;5
450900;;;PEARLS;SEASHELLS;9998.0;2
450900;;;PEARLS;SEASHELLS;9998.0;1
450900;;;BANANAS;SEASHELLS;4889.0;2
451300;;;BANANAS;SEASHELLS;4887.0;1
451500;;;PEARLS;SEASHELLS;9998.0;2
451500;;;BANANAS;SEASHELLS;4888.0;2
452000;;;PEARLS;SEASHELLS;10002.0;1
452000;;;PEARLS;SEASHELLS;10002.0;3
452900;;;BANANAS;SEASHELLS;4889.0;1
453300;;;BANANAS;SEASHELLS;4890.0;1
453300;;;PEARLS;SEASHELLS;9998.0;1
453400;;;PEARLS;SEASHELLS;10005.0;2
453400;;;BANANAS;SEASHELLS;4895.0;2
453400;;;BANANAS;SEASHELLS;4893.0;1
453700;;;BANANAS;SEASHELLS;4892.0;1
453800;;;BANANAS;SEASHELLS;4888.0;1
453900;;;BANANAS;SEASHELLS;4888.0;1
454500;;;PEARLS;SEASHELLS;10002.0;1
454800;;;BANANAS;SEASHELLS;4888.0;1
454800;;;PEARLS;SEASHELLS;9998.0;1
455200;;;PEARLS;SEASHELLS;9996.0;1
455200;;;BANANAS;SEASHELLS;4887.0;1
455500;;;BANANAS;SEASHELLS;4893.0;1
455600;;;PEARLS;SEASHELLS;10002.0;1
455700;;;BANANAS;SEASHELLS;4894.0;11
455700;;;PEARLS;SEASHELLS;9998.0;1
455800;;;PEARLS;SEASHELLS;9998.0;1
456700;;;PEARLS;SEASHELLS;9998.0;2
457100;;;PEARLS;SEASHELLS;9998.0;1
457900;;;BANANAS;SEASHELLS;4889.0;1
458100;;;BANANAS;SEASHELLS;4890.0;9
459100;;;BANANAS;SEASHELLS;4894.0;15
459200;;;BANANAS;SEASHELLS;4894.0;2
459200;;;BANANAS;SEASHELLS;4892.0;2
459200;;;BANANAS;SEASHELLS;4892.0;2
459200;;;BANANAS;SEASHELLS;4892.0;0
459200;;;PEARLS;SEASHELLS;10002.0;2
459200;;;BANANAS;SEASHELLS;4892.0;8
459600;;;PEARLS;SEASHELLS;10002.0;1
459900;;;BANANAS;SEASHELLS;4887.0;5
460000;;;PEARLS;SEASHELLS;10004.0;1
460000;;;BANANAS;SEASHELLS;4892.0;1
460100;;;BANANAS;SEASHELLS;4890.0;1
460500;;;BANANAS;SEASHELLS;4890.0;1
460800;;;BANANAS;SEASHELLS;4890.0;7
461300;;;PEARLS;SEASHELLS;9998.0;1
461300;;;BANANAS;SEASHELLS;4890.0;1
461400;;;BANANAS;SEASHELLS;4886.0;1
461500;;;PEARLS;SEASHELLS;10002.0;3
461500;;;BANANAS;SEASHELLS;4891.0;1
461700;;;BANANAS;SEASHELLS;4890.0;5
462000;;;PEARLS;SEASHELLS;9998.0;1
462300;;;PEARLS;SEASHELLS;9996.0;1
462700;;;PEARLS;SEASHELLS;10002.0;1
462900;;;PEARLS;SEASHELLS;9998.0;2
462900;;;PEARLS;SEASHELLS;9998.0;1
463000;;;BANANAS;SEASHELLS;4885.0;6
463000;;;PEARLS;SEASHELLS;10002.0;1
463000;;;BANANAS;SEASHELLS;4886.0;13
463000;;;PEARLS;SEASHELLS;10004.0;1
463000;;;PEARLS;SEASHELLS;10002.0;3
463000;;;BANANAS;SEASHELLS;4886.0;1
463000;;;BANANAS;SEASHELLS;4886.0;2
463100;;;PEARLS;SEASHELLS;9998.0;4
463300;;;BANANAS;SEASHELLS;4885.0;1
463800;;;PEARLS;SEASHELLS;10002.0;1
464000;;;BANANAS;SEASHELLS;4886.0;5
464000;;;PEARLS;SEASHELLS;9998.0;5
464000;;;BANANAS;SEASHELLS;4886.0;1
464300;;;BANANAS;SEASHELLS;4886.0;1
464500;;;PEARLS;SEASHELLS;9998.0;3
464500;;;PEARLS;SEASHELLS;10004.0;1
464500;;;BANANAS;SEASHELLS;4889.0;3
464500;;;PEARLS;SEASHELLS;10004.0;1
464500;;;BANANAS;SEASHELLS;4889.0;2
464700;;;PEARLS;SEASHELLS;10002.0;1
465000;;;PEARLS;SEASHELLS;9998.0;3
465200;;;PEARLS;SEASHELLS;9998.0;1
465600;;;PEARLS;SEASHELLS;9996.0;1
465600;;;PEARLS;SEASHELLS;9996.0;1
465600;;;BANANAS;SEASHELLS;4886.0;2
465700;;;BANANAS;SEASHELLS;4891.0;1
465800;;;PEARLS;SEASHELLS;9998.0;1
466000;;;PEARLS;SEASHELLS;9998.0;1
466200;;;PEARLS;SEASHELLS;9995.0;2
466200;;;BANANAS;SEASHELLS;4886.0;2
466300;;;PEARLS;SEASHELLS;10004.0;2
466400;;;PEARLS;SEASHELLS;10002.0;1
466600;;;BANANAS;SEASHELLS;4892.0;1
466600;;;PEARLS;SEASHELLS;9996.0;1
466800;;;PEARLS;SEASHELLS;10002.0;1
466900;;;BANANAS;SEASHELLS;4888.0;1
466900;;;PEARLS;SEASHELLS;9998.0;2
467200;;;PEARLS;SEASHELLS;10002.0;1
467900;;;BANANAS;SEASHELLS;4887.0;1
468100;;;BANANAS;SEASHELLS;4891.0;5
468500;;;BANANAS;SEASHELLS;4890.0;5
468800;;;PEARLS;SEASHELLS;10004.0;1
468800;;;PEARLS;SEASHELLS;10004.0;2
469100;;;BANANAS;SEASHELLS;4892.0;1
469900;;;BANANAS;SEASHELLS;4889.0;1
469900;;;PEARLS;SEASHELLS;10002.0;1
470000;;;PEARLS;SEASHELLS;10004.0;1
470000;;;BANANAS;SEASHELLS;4894.0;1
470400;;;BANANAS;SEASHELLS;4887.0;1
470600;;;BANANAS;SEASHELLS;4887.0;1
470900;;;BANANAS;SEASHELLS;4892.0;1
471400;;;BANANAS;SEASHELLS;4892.0;2
471400;;;BANANAS;SEASHELLS;4892.0;1
471500;;;PEARLS;SEASHELLS;10004.0;2
471500;;;BANANAS;SEASHELLS;4894.0;2
471600;;;BANANAS;SEASHELLS;4893.0;1
472300;;;PEARLS;SEASHELLS;9998.0;1
472300;;;BANANAS;SEASHELLS;4887.0;1
472400;;;PEARLS;SEASHELLS;9998.0;1
473000;;;BANANAS;SEASHELLS;4888.0;1
473100;;;PEARLS;SEASHELLS;10004.0;2
473200;;;BANANAS;SEASHELLS;4887.0;1
473300;;;PEARLS;SEASHELLS;10002.0;1
473300;;;PEARLS;SEASHELLS;10002.0;1
473300;;;BANANAS;SEASHELLS;4892.0;1
473300;;;BANANAS;SEASHELLS;4892.0;1
473500;;;PEARLS;SEASHELLS;9998.0;2
473600;;;BANANAS;SEASHELLS;4892.0;2
473600;;;PEARLS;SEASHELLS;10002.0;2
473800;;;PEARLS;SEASHELLS;10004.0;2
473800;;;PEARLS;SEASHELLS;10004.0;2
473900;;;BANANAS;SEASHELLS;4887.0;1
474600;;;PEARLS;SEASHELLS;10002.0;1
475000;;;BANANAS;SEASHELLS;4886.0;1
475500;;;PEARLS;SEASHELLS;10002.0;1
475700;;;BANANAS;SEASHELLS;4887.0;1
476600;;;PEARLS;SEASHELLS;10004.0;2
476600;;;PEARLS;SEASHELLS;10004.0;6
476700;;;BANANAS;SEASHELLS;4891.0;1
476800;;;BANANAS;SEASHELLS;4886.0;1
477000;;;BANANAS;SEASHELLS;4892.0;1
477100;;;BANANAS;SEASHELLS;4887.0;1
477400;;;BANANAS;SEASHELLS;4893.0;1
477400;;;PEARLS;SEASHELLS;10005.0;1
477600;;;BANANAS;SEASHELLS;4886.0;1
477700;;;BANANAS;SEASHELLS;4887.0;5
477800;;;PEARLS;SEASHELLS;10002.0;1
477800;;;PEARLS;SEASHELLS;10002.0;1
478000;;;PEARLS;SEASHELLS;9998.0;1
478100;;;PEARLS;SEASHELLS;10005.0;6
478200;;;PEARLS;SEASHELLS;9998.0;1
478800;;;BANANAS;SEASHELLS;4892.0;1
479500;;;BANANAS;SEASHELLS;4888.0;2
479500;;;PEARLS;SEASHELLS;9995.0;2
479700;;;PEARLS;SEASHELLS;9998.0;3
480000;;;BANANAS;SEASHELLS;4892.0;1
480000;;;PEARLS;SEASHELLS;10005.0;1
480200;;;PEARLS;SEASHELLS;9995.0;6
480300;;;BANANAS;SEASHELLS;4886.0;5
480700;;;BANANAS;SEASHELLS;4885.0;1
480800;;;BANANAS;SEASHELLS;4885.0;1
481400;;;BANANAS;SEASHELLS;4887.0;1
481600;;;PEARLS;SEASHELLS;10002.0;1
481900;;;PEARLS;SEASHELLS;10005.0;2
481900;;;BANANAS;SEASHELLS;4890.0;2
482000;;;BANANAS;SEASHELLS;4882.0;1
482100;;;BANANAS;SEASHELLS;4882.0;2
482100;;;BANANAS;SEASHELLS;4882.0;10
482100;;;BANANAS;SEASHELLS;4881.0;3
482700;;;PEARLS;SEASHELLS;10004.0;1
482700;;;BANANAS;SEASHELLS;4887.0;1
483000;;;PEARLS;SEASHELLS;10002.0;2
483000;;;PEARLS;SEASHELLS;10002.0;3
483000;;;BANANAS;SEASHELLS;4886.0;1
483100;;;BANANAS;SEASHELLS;4881.0;5
483100;;;BANANAS;SEASHELLS;4881.0;1
483100;;;BANANAS;SEASHELLS;4881.0;13
483300;;;PEARLS;SEASHELLS;10002.0;6
483300;;;BANANAS;SEASHELLS;4881.0;1
483400;;;BANANAS;SEASHELLS;4880.0;1
483400;;;PEARLS;SEASHELLS;10000.0;1
483600;;;BANANAS;SEASHELLS;4881.0;1
483900;;;PEARLS;SEASHELLS;10004.0;1
483900;;;BANANAS;SEASHELLS;4883.0;1
484000;;;BANANAS;SEASHELLS;4882.0;1
484200;;;PEARLS;SEASHELLS;9998.0;1
484300;;;PEARLS;SEASHELLS;9998.0;1
484500;;;PEARLS;SEASHELLS;9998.0;1
484500;;;BANANAS;SEASHELLS;4882.0;1
484700;;;PEARLS;SEASHELLS;10002.0;1
485200;;;PEARLS;SEASHELLS;10004.0;2
485200;;;BANANAS;SEASHELLS;4887.0;2
485300;;;PEARLS;SEASHELLS;9998.0;4
485300;;;PEARLS;SEASHELLS;9998.0;1
485300;;;BANANAS;SEASHELLS;4886.0;1
485400;;;BANANAS;SEASHELLS;4887.0;13
485600;;;PEARLS;SEASHELLS;10002.0;5
485700;;;BANANAS;SEASHELLS;4881.0;1
486100;;;BANANAS;SEASHELLS;4881.0;12
486500;;;PEARLS;SEASHELLS;9998.0;1
486600;;;PEARLS;SEASHELLS;10005.0;2
486600;;;BANANAS;SEASHELLS;4887.0;2
487200;;;BANANAS;SEASHELLS;4882.0;2
487200;;;PEARLS;SEASHELLS;10002.0;3
487200;;;BANANAS;SEASHELLS;4885.0;1
487400;;;PEARLS;SEASHELLS;9995.0;1
487400;;;BANANAS;SEASHELLS;4879.0;1
487500;;;BANANAS;SEASHELLS;4879.0;2
487600;;;PEARLS;SEASHELLS;10004.0;9
487600;;;PEARLS;SEASHELLS;10004.0;2
487600;;;BANANAS;SEASHELLS;4883.0;1
488200;;;PEARLS;SEASHELLS;10002.0;1
488200;;;BANANAS;SEASHELLS;4885.0;8
488200;;;BANANAS;SEASHELLS;4885.0;9
488500;;;PEARLS;SEASHELLS;10005.0;1
488500;;;BANANAS;SEASHELLS;4885.0;1
488500;;;BANANAS;SEASHELLS;4886.0;1
489300;;;PEARLS;SEASHELLS;9995.0;12
489400;;;BANANAS;SEASHELLS;4884.0;1
489500;;;BANANAS;SEASHELLS;4878.0;1
489500;;;PEARLS;SEASHELLS;9996.0;1
489600;;;BANANAS;SEASHELLS;4878.0;1
489600;;;PEARLS;SEASHELLS;9995.0;1
489700;;;BANANAS;SEASHELLS;4879.0;5
491100;;;PEARLS;SEASHELLS;9998.0;5
491200;;;BANANAS;SEASHELLS;4887.0;10
491600;;;PEARLS;SEASHELLS;10002.0;3
491600;;;PEARLS;SEASHELLS;10002.0;1
491800;;;PEARLS;SEASHELLS;10002.0;1
492200;;;BANANAS;SEASHELLS;4885.0;11
492200;;;PEARLS;SEASHELLS;10005.0;8
492400;;;BANANAS;SEASHELLS;4881.0;1
492700;;;BANANAS;SEASHELLS;4886.0;1
493000;;;PEARLS;SEASHELLS;10004.0;1
493200;;;PEARLS;SEASHELLS;9998.0;4
493200;;;PEARLS;SEASHELLS;9998.0;1
493300;;;BANANAS;SEASHELLS;4887.0;1
493500;;;PEARLS;SEASHELLS;9996.0;1
493900;;;PEARLS;SEASHELLS;10002.0;1
494100;;;PEARLS;SEASHELLS;10002.0;1
494200;;;BANANAS;SEASHELLS;4883.0;2
494500;;;PEARLS;SEASHELLS;10002.0;3
494700;;;BANANAS;SEASHELLS;4882.0;5
494800;;;BANANAS;SEASHELLS;4886.0;1
494800;;;PEARLS;SEASHELLS;10002.0;1
494900;;;BANANAS;SEASHELLS;4882.0;11
495000;;;BANANAS;SEASHELLS;4881.0;1
495500;;;BANANAS;SEASHELLS;4881.0;1
496000;;;BANANAS;SEASHELLS;4882.0;1
496200;;;BANANAS;SEASHELLS;4882.0;1
496300;;;BANANAS;SEASHELLS;4882.0;1
496600;;;PEARLS;SEASHELLS;9998.0;2
497100;;;PEARLS;SEASHELLS;9998.0;4
497100;;;BANANAS;SEASHELLS;4890.0;8
497300;;;PEARLS;SEASHELLS;9998.0;1
497400;;;PEARLS;SEASHELLS;10004.0;1
497400;;;PEARLS;SEASHELLS;10002.0;1
497400;;;PEARLS;SEASHELLS;10004.0;1
497400;;;BANANAS;SEASHELLS;4891.0;1
497400;;;BANANAS;SEASHELLS;4891.0;1
497700;;;PEARLS;SEASHELLS;9998.0;1
497900;;;PEARLS;SEASHELLS;10004.0;2
497900;;;PEARLS;SEASHELLS;10004.0;8
498000;;;BANANAS;SEASHELLS;4890.0;1
498300;;;PEARLS;SEASHELLS;9998.0;5
498400;;;PEARLS;SEASHELLS;10002.0;1
498500;;;BANANAS;SEASHELLS;4890.0;1
498700;;;BANANAS;SEASHELLS;4885.0;2
499400;;;BANANAS;SEASHELLS;4883.0;18
499500;;;BANANAS;SEASHELLS;4888.0;1
499700;;;PEARLS;SEASHELLS;9996.0;1
499900;;;BANANAS;SEASHELLS;4884.0;1
499900;;;PEARLS;SEASHELLS;10002.0;1
500000;;;BANANAS;SEASHELLS;4884.0;1
500100;;;BANANAS;SEASHELLS;4884.0;19
501200;;;BANANAS;SEASHELLS;4883.0;2
501200;;;PEARLS;SEASHELLS;10002.0;2
501800;;;BANANAS;SEASHELLS;4889.0;1
501800;;;PEARLS;SEASHELLS;9996.0;2
501800;;;PEARLS;SEASHELLS;9996.0;1
501900;;;PEARLS;SEASHELLS;10002.0;2
502100;;;PEARLS;SEASHELLS;10002.0;1
502100;;;BANANAS;SEASHELLS;4886.0;3
502200;;;BANANAS;SEASHELLS;4886.0;4
502300;;;BANANAS;SEASHELLS;4886.0;1
502500;;;PEARLS;SEASHELLS;10002.0;2
502500;;;BANANAS;SEASHELLS;4881.0;1
502500;;;BANANAS;SEASHELLS;4885.0;2
502600;;;PEARLS;SEASHELLS;9996.0;2
503300;;;BANANAS;SEASHELLS;4886.0;1
503400;;;PEARLS;SEASHELLS;10004.0;2
504000;;;BANANAS;SEASHELLS;4883.0;1
504300;;;BANANAS;SEASHELLS;4879.0;1
504500;;;PEARLS;SEASHELLS;10002.0;1
504700;;;PEARLS;SEASHELLS;10002.0;1
505200;;;PEARLS;SEASHELLS;10002.0;1
505300;;;BANANAS;SEASHELLS;4878.0;1
505500;;;PEARLS;SEASHELLS;10004.0;1
505500;;;PEARLS;SEASHELLS;10004.0;1
505500;;;PEARLS;SEASHELLS;10004.0;6
505500;;;BANANAS;SEASHELLS;4884.0;1
505800;;;BANANAS;SEASHELLS;4885.0;19
506000;;;PEARLS;SEASHELLS;9998.0;1
506100;;;PEARLS;SEASHELLS;10002.0;3
506300;;;PEARLS;SEASHELLS;9995.0;8
506500;;;PEARLS;SEASHELLS;9995.0;3
507600;;;BANANAS;SEASHELLS;4878.0;1
507600;;;PEARLS;SEASHELLS;9998.0;1
507700;;;PEARLS;SEASHELLS;10002.0;1
508200;;;BANANAS;SEASHELLS;4883.0;1
508400;;;BANANAS;SEASHELLS;4881.0;2
508400;;;PEARLS;SEASHELLS;10004.0;1
508600;;;BANANAS;SEASHELLS;4885.0;10
508800;;;BANANAS;SEASHELLS;4882.0;1
508800;;;PEARLS;SEASHELLS;9998.0;1
508900;;;BANANAS;SEASHELLS;4879.0;3
508900;;;BANANAS;SEASHELLS;4879.0;1
509200;;;BANANAS;SEASHELLS;4877.0;1
509400;;;BANANAS;SEASHELLS;4878.0;3
509500;;;BANANAS;SEASHELLS;4882.0;1
509700;;;BANANAS;SEASHELLS;4883.0;1
509700;;;PEARLS;SEASHELLS;10002.0;4
509700;;;PEARLS;SEASHELLS;10002.0;1
509800;;;BANANAS;SEASHELLS;4877.0;2
509800;;;PEARLS;SEASHELLS;9996.0;2
509900;;;PEARLS;SEASHELLS;10004.0;2
509900;;;BANANAS;SEASHELLS;4885.0;2
510100;;;PEARLS;SEASHELLS;9998.0;2
510200;;;PEARLS;SEASHELLS;9998.0;1
511100;;;PEARLS;SEASHELLS;10002.0;1
511300;;;PEARLS;SEASHELLS;9996.0;2
511400;;;PEARLS;SEASHELLS;9996.0;1
511400;;;BANANAS;SEASHELLS;4876.0;1
511700;;;PEARLS;SEASHELLS;9998.0;1
511800;;;PEARLS;SEASHELLS;10005.0;2
511800;;;BANANAS;SEASHELLS;4883.0;2
512200;;;BANANAS;SEASHELLS;4877.0;1
512200;;;PEARLS;SEASHELLS;9998.0;1
512700;;;PEARLS;SEASHELLS;10002.0;1
512700;;;BANANAS;SEASHELLS;4876.0;9
512900;;;PEARLS;SEASHELLS;10002.0;8
514100;;;PEARLS;SEASHELLS;9998.0;1
514200;;;BANANAS;SEASHELLS;4882.0;2
514200;;;BANANAS;SEASHELLS;4882.0;5
514600;;;PEARLS;SEASHELLS;10002.0;4
514600;;;PEARLS;SEASHELLS;10002.0;6
514600;;;PEARLS;SEASHELLS;10002.0;0
514600;;;PEARLS;SEASHELLS;10002.0;6
515000;;;BANANAS;SEASHELLS;4883.0;17
515200;;;PEARLS;SEASHELLS;9995.0;1
515200;;;BANANAS;SEASHELLS;4876.0;1
515700;;;PEARLS;SEASHELLS;9998.0;1
515800;;;BANANAS;SEASHELLS;4881.0;1
515800;;;PEARLS;SEASHELLS;9996.0;2
515900;;;PEARLS;SEASHELLS;9998.0;3
515900;;;PEARLS;SEASHELLS;9998.0;4
516100;;;PEARLS;SEASHELLS;9998.0;3
516200;;;PEARLS;SEASHELLS;10002.0;1
516300;;;PEARLS;SEASHELLS;9995.0;1
516300;;;BANANAS;SEASHELLS;4875.0;1
516400;;;BANANAS;SEASHELLS;4881.0;2
516400;;;PEARLS;SEASHELLS;10002.0;1
516400;;;PEARLS;SEASHELLS;10004.0;2
516900;;;BANANAS;SEASHELLS;4880.0;1
517300;;;BANANAS;SEASHELLS;4875.0;1
517300;;;PEARLS;SEASHELLS;9996.0;1
517300;;;PEARLS;SEASHELLS;9996.0;1
517300;;;BANANAS;SEASHELLS;4875.0;1
517900;;;PEARLS;SEASHELLS;9998.0;1
518700;;;PEARLS;SEASHELLS;10002.0;1
518800;;;PEARLS;SEASHELLS;10004.0;1
518800;;;PEARLS;SEASHELLS;10002.0;1
518800;;;BANANAS;SEASHELLS;4880.0;1
518800;;;BANANAS;SEASHELLS;4881.0;1
519400;;;BANANAS;SEASHELLS;4881.0;1
519400;;;PEARLS;SEASHELLS;10004.0;1
519600;;;BANANAS;SEASHELLS;4875.0;18
519700;;;PEARLS;SEASHELLS;10004.0;2
519700;;;BANANAS;SEASHELLS;4881.0;2
520400;;;BANANAS;SEASHELLS;4876.0;1
521300;;;BANANAS;SEASHELLS;4875.0;1
521600;;;BANANAS;SEASHELLS;4875.0;4
521600;;;PEARLS;SEASHELLS;10004.0;2
521600;;;PEARLS;SEASHELLS;10004.0;9
521700;;;BANANAS;SEASHELLS;4881.0;1
521700;;;PEARLS;SEASHELLS;10002.0;1
521700;;;PEARLS;SEASHELLS;10004.0;1
521800;;;BANANAS;SEASHELLS;4874.0;1
521900;;;BANANAS;SEASHELLS;4874.0;7
522500;;;PEARLS;SEASHELLS;10002.0;1
522500;;;BANANAS;SEASHELLS;4878.0;1
522700;;;BANANAS;SEASHELLS;4873.0;12
523300;;;BANANAS;SEASHELLS;4876.0;5
523300;;;PEARLS;SEASHELLS;9998.0;3
523500;;;BANANAS;SEASHELLS;4877.0;1
523600;;;PEARLS;SEASHELLS;9998.0;3
523600;;;BANANAS;SEASHELLS;4877.0;1
524200;;;PEARLS;SEASHELLS;9998.0;1
524500;;;BANANAS;SEASHELLS;4874.0;1
525000;;;PEARLS;SEASHELLS;10004.0;1
525000;;;BANANAS;SEASHELLS;4875.0;1
525300;;;PEARLS;SEASHELLS;10002.0;1
525300;;;BANANAS;SEASHELLS;4879.0;1
525400;;;PEARLS;SEASHELLS;10002.0;1
525700;;;BANANAS;SEASHELLS;4872.0;1
525700;;;PEARLS;SEASHELLS;9996.0;1
526200;;;BANANAS;SEASHELLS;4873.0;1
527000;;;BANANAS;SEASHELLS;4874.0;2
527100;;;PEARLS;SEASHELLS;9996.0;2
527300;;;BANANAS;SEASHELLS;4879.0;1
527500;;;BANANAS;SEASHELLS;4878.0;1
527500;;;BANANAS;SEASHELLS;4878.0;2
527700;;;BANANAS;SEASHELLS;4881.0;2
527700;;;PEARLS;SEASHELLS;10004.0;2
527900;;;PEARLS;SEASHELLS;9998.0;1
528500;;;BANANAS;SEASHELLS;4876.0;1
528600;;;PEARLS;SEASHELLS;9998.0;1
528700;;;PEARLS;SEASHELLS;10004.0;2
528700;;;BANANAS;SEASHELLS;4875.0;1
528900;;;BANANAS;SEASHELLS;4879.0;7
529200;;;BANANAS;SEASHELLS;4875.0;1
529200;;;BANANAS;SEASHELLS;4876.0;1
529200;;;PEARLS;SEASHELLS;9998.0;1
529300;;;BANANAS;SEASHELLS;4881.0;1
529400;;;BANANAS;SEASHELLS;4882.0;11
529600;;;PEARLS;SEASHELLS;10004.0;1
529600;;;BANANAS;SEASHELLS;4882.0;1
529800;;;PEARLS;SEASHELLS;9998.0;4
530000;;;PEARLS;SEASHELLS;9996.0;10
530000;;;PEARLS;SEASHELLS;9996.0;1
530100;;;PEARLS;SEASHELLS;9998.0;3
530100;;;BANANAS;SEASHELLS;4882.0;1
