timestamp;buyer;seller;symbol;currency;price;quantity
100;;;PEARLS;SEASHELLS;10002.0;1
100;;;BANANAS;SEASHELLS;4875.0;1
200;;;DIP;SEASHELLS;7002.0;9
200;;;BANANAS;SEASHELLS;4876.0;1
200;;;PEARLS;SEASHELLS;10004.0;1
300;;;BANANAS;SEASHELLS;4873.0;1
400;;;BANANAS;SEASHELLS;4871.0;5
500;;;BANANAS;SEASHELLS;4874.0;1
700;;;DIP;SEASHELLS;7002.0;6
800;;;PEARLS;SEASHELLS;9996.0;1
800;;;BANANAS;SEASHELLS;4871.0;1
1000;;;BANANAS;SEASHELLS;4875.0;10
1000;;;UKULELE;SEASHELLS;21015.0;4
1100;;;UKULELE;SEASHELLS;21017.0;5
1100;;;BAGUETTE;SEASHELLS;12000.0;4
1200;;;BANANAS;SEASHELLS;4868.0;1
1300;;;DIVING_GEAR;SEASHELLS;98906.0;3
1300;;;PEARLS;SEASHELLS;10002.0;1
1500;;;BANANAS;SEASHELLS;4874.0;1
1500;;;DIP;SEASHELLS;6998.0;10
1500;;;PEARLS;SEASHELLS;9998.0;4
1500;;;DIP;SEASHELLS;6998.0;8
1600;;;DIP;SEASHELLS;6995.0;4
1700;;;DIP;SEASHELLS;6995.0;8
1700;;;BANANAS;SEASHELLS;4870.0;2
1900;;;BANANAS;SEASHELLS;4868.0;1
1900;;;PINA_COLADAS;SEASHELLS;14998.0;13
1900;;;UKULELE;SEASHELLS;21023.0;2
2100;;;COCONUTS;SEASHELLS;7998.0;53
2200;;;UKULELE;SEASHELLS;21021.0;3
2300;;;PICNIC_BASKET;SEASHELLS;73392.0;1
2300;;;PICNIC_BASKET;SEASHELLS;73393.0;2
2400;;;BAGUETTE;SEASHELLS;12010.0;7
2400;;;BAGUETTE;SEASHELLS;12010.0;5
2600;;;PEARLS;SEASHELLS;10002.0;4
2600;;;PEARLS;SEASHELLS;10002.0;1
2600;;;BANANAS;SEASHELLS;4872.0;2
2600;;;BANANAS;SEASHELLS;4872.0;4
2700;;;UKULELE;SEASHELLS;21015.0;5
3000;;;BANANAS;SEASHELLS;4874.0;1
3100;;;PEARLS;SEASHELLS;9998.0;1
3200;;;PEARLS;SEASHELLS;10002.0;5
3200;;;BERRIES;SEASHELLS;3921.0;9
3300;;;PEARLS;SEASHELLS;10002.0;1
3400;;;BAGUETTE;SEASHELLS;12023.0;7
3500;;;BANANAS;SEASHELLS;4874.0;10
3500;;;BAGUETTE;SEASHELLS;12021.0;8
3500;;;BERRIES;SEASHELLS;3914.0;6
3500;;;UKULELE;SEASHELLS;21024.0;2
3500;;;BANANAS;SEASHELLS;4874.0;10
3700;;;BERRIES;SEASHELLS;3914.0;10
3700;;;PEARLS;SEASHELLS;9998.0;1
4200;;;BANANAS;SEASHELLS;4876.0;6
4200;;;PEARLS;SEASHELLS;10002.0;5
4200;;;BANANAS;SEASHELLS;4876.0;1
4400;;;DIP;SEASHELLS;6992.0;6
4600;;;DIP;SEASHELLS;6995.0;5
4600;;;DIP;SEASHELLS;6993.0;9
4900;;;BANANAS;SEASHELLS;4871.0;7
4900;;;BAGUETTE;SEASHELLS;12017.0;4
5100;;;DIVING_GEAR;SEASHELLS;98967.0;2
5400;;;PEARLS;SEASHELLS;10005.0;1
5400;;;BANANAS;SEASHELLS;4879.0;1
5400;;;BANANAS;SEASHELLS;4879.0;15
5400;;;BERRIES;SEASHELLS;3920.0;4
5500;;;PEARLS;SEASHELLS;10004.0;1
5500;;;BAGUETTE;SEASHELLS;12024.0;7
5500;;;DIP;SEASHELLS;6998.0;9
5600;;;PICNIC_BASKET;SEASHELLS;73468.0;2
5700;;;BERRIES;SEASHELLS;3920.0;19
6100;;;DIP;SEASHELLS;6998.0;4
6200;;;BANANAS;SEASHELLS;4878.0;1
6400;;;DIP;SEASHELLS;6997.0;6
6700;;;PEARLS;SEASHELLS;10004.0;1
6700;;;BANANAS;SEASHELLS;4879.0;1
6700;;;DIP;SEASHELLS;6999.0;9
6800;;;BANANAS;SEASHELLS;4873.0;1
6900;;;UKULELE;SEASHELLS;21025.0;8
6900;;;BERRIES;SEASHELLS;3920.0;19
6900;;;UKULELE;SEASHELLS;21025.0;5
7100;;;COCONUTS;SEASHELLS;7996.0;56
7200;;;PEARLS;SEASHELLS;10002.0;1
7200;;;PEARLS;SEASHELLS;9996.0;1
7400;;;UKULELE;SEASHELLS;21021.0;1
7600;;;PEARLS;SEASHELLS;10002.0;1
7600;;;BAGUETTE;SEASHELLS;12023.0;9
7700;;;DIP;SEASHELLS;6998.0;10
8000;;;BANANAS;SEASHELLS;4875.0;1
8100;;;BERRIES;SEASHELLS;3922.0;4
8100;;;UKULELE;SEASHELLS;21013.0;5
8100;;;BAGUETTE;SEASHELLS;12032.0;5
8200;;;DIP;SEASHELLS;6992.0;5
8200;;;BANANAS;SEASHELLS;4871.0;1
8200;;;PEARLS;SEASHELLS;9996.0;1
8300;;;COCONUTS;SEASHELLS;7992.0;46
8500;;;DIP;SEASHELLS;6992.0;3
8700;;;BAGUETTE;SEASHELLS;12031.0;7
8900;;;BERRIES;SEASHELLS;3923.0;1
9100;;;DIP;SEASHELLS;6994.0;5
9100;;;PEARLS;SEASHELLS;9998.0;1
9300;;;UKULELE;SEASHELLS;21011.0;5
9300;;;COCONUTS;SEASHELLS;7993.0;6
9400;;;DIP;SEASHELLS;6991.0;9
9400;;;PEARLS;SEASHELLS;10002.0;1
9500;;;UKULELE;SEASHELLS;21014.0;4
9500;;;PEARLS;SEASHELLS;10002.0;1
9700;;;PEARLS;SEASHELLS;10002.0;1
9900;;;BANANAS;SEASHELLS;4867.0;9
10000;;;PINA_COLADAS;SEASHELLS;14980.0;4
10200;;;DIVING_GEAR;SEASHELLS;98942.0;3
10200;;;DIP;SEASHELLS;6996.0;7
10300;;;BANANAS;SEASHELLS;4873.0;1
10300;;;PEARLS;SEASHELLS;10004.0;1
10500;;;COCONUTS;SEASHELLS;7991.0;10
10500;;;UKULELE;SEASHELLS;21008.0;5
10700;;;PEARLS;SEASHELLS;9998.0;3
10800;;;BERRIES;SEASHELLS;3915.0;14
11000;;;BANANAS;SEASHELLS;4867.0;9
11500;;;BERRIES;SEASHELLS;3916.0;18
11900;;;DIP;SEASHELLS;6994.0;7
11900;;;PEARLS;SEASHELLS;10002.0;1
12200;;;UKULELE;SEASHELLS;20982.0;1
12400;;;DIP;SEASHELLS;6991.0;7
12500;;;COCONUTS;SEASHELLS;7991.0;10
12700;;;PEARLS;SEASHELLS;10002.0;1
12700;;;BAGUETTE;SEASHELLS;12028.0;10
12700;;;PEARLS;SEASHELLS;10002.0;1
12800;;;BERRIES;SEASHELLS;3918.0;11
13100;;;DIP;SEASHELLS;6992.0;9
13200;;;UKULELE;SEASHELLS;20983.0;5
13200;;;UKULELE;SEASHELLS;20983.0;8
13300;;;COCONUTS;SEASHELLS;7992.0;24
13300;;;PEARLS;SEASHELLS;10002.0;2
13300;;;DIP;SEASHELLS;6991.0;10
13400;;;UKULELE;SEASHELLS;20988.0;5
13700;;;DIP;SEASHELLS;6991.0;12
13700;;;BANANAS;SEASHELLS;4870.0;2
13700;;;PEARLS;SEASHELLS;10002.0;1
14000;;;BANANAS;SEASHELLS;4868.0;1
14000;;;PEARLS;SEASHELLS;10002.0;5
14000;;;DIVING_GEAR;SEASHELLS;98969.0;2
14000;;;PEARLS;SEASHELLS;10002.0;1
14200;;;BAGUETTE;SEASHELLS;12032.0;5
14300;;;BANANAS;SEASHELLS;4871.0;2
14400;;;PEARLS;SEASHELLS;10002.0;2
14400;;;BANANAS;SEASHELLS;4867.0;1
14400;;;BANANAS;SEASHELLS;4867.0;2
14400;;;PEARLS;SEASHELLS;10002.0;2
14600;;;BANANAS;SEASHELLS;4867.0;1
14600;;;BANANAS;SEASHELLS;4872.0;1
14700;;;DIP;SEASHELLS;6994.0;3
14800;;;BANANAS;SEASHELLS;4868.0;4
14800;;;PEARLS;SEASHELLS;9998.0;1
14800;;;BAGUETTE;SEASHELLS;12029.0;6
14900;;;UKULELE;SEASHELLS;20993.0;5
15000;;;BANANAS;SEASHELLS;4865.0;1
15100;;;DIP;SEASHELLS;6990.0;4
15100;;;PEARLS;SEASHELLS;9998.0;1
15100;;;PINA_COLADAS;SEASHELLS;14985.0;27
15300;;;UKULELE;SEASHELLS;21003.0;4
15400;;;DIP;SEASHELLS;6992.0;6
15400;;;PINA_COLADAS;SEASHELLS;14979.0;4
15400;;;BANANAS;SEASHELLS;4871.0;12
15700;;;UKULELE;SEASHELLS;21006.0;2
15800;;;BANANAS;SEASHELLS;4870.0;2
15800;;;PEARLS;SEASHELLS;10004.0;2
15900;;;BAGUETTE;SEASHELLS;12040.0;6
16000;;;BANANAS;SEASHELLS;4863.0;2
16000;;;BANANAS;SEASHELLS;4863.0;5
16100;;;BAGUETTE;SEASHELLS;12040.0;8
16200;;;BANANAS;SEASHELLS;4863.0;1
16200;;;PEARLS;SEASHELLS;10002.0;3
16300;;;PEARLS;SEASHELLS;9996.0;1
16300;;;DIP;SEASHELLS;6989.0;12
16300;;;DIVING_GEAR;SEASHELLS;98911.0;2
16300;;;PEARLS;SEASHELLS;9996.0;1
16400;;;COCONUTS;SEASHELLS;7993.0;44
16500;;;DIVING_GEAR;SEASHELLS;98906.0;2
16600;;;DIVING_GEAR;SEASHELLS;98915.0;3
16700;;;DIVING_GEAR;SEASHELLS;98921.0;1
16800;;;BERRIES;SEASHELLS;3918.0;5
17100;;;PICNIC_BASKET;SEASHELLS;73400.0;1
17100;;;DIVING_GEAR;SEASHELLS;98905.0;1
17300;;;DIVING_GEAR;SEASHELLS;98927.0;1
17300;;;BERRIES;SEASHELLS;3917.0;10
17300;;;PINA_COLADAS;SEASHELLS;14981.0;2
17400;;;BANANAS;SEASHELLS;4868.0;2
17400;;;PEARLS;SEASHELLS;9998.0;2
17500;;;BAGUETTE;SEASHELLS;12033.0;5
17700;;;UKULELE;SEASHELLS;21009.0;10
17700;;;DIVING_GEAR;SEASHELLS;98923.0;1
17900;;;PEARLS;SEASHELLS;9998.0;1
17900;;;PEARLS;SEASHELLS;9998.0;1
17900;;;BANANAS;SEASHELLS;4866.0;1
17900;;;UKULELE;SEASHELLS;21007.0;5
17900;;;PEARLS;SEASHELLS;9998.0;2
18100;;;DIP;SEASHELLS;6991.0;12
18200;;;PEARLS;SEASHELLS;9996.0;1
18200;;;DIVING_GEAR;SEASHELLS;98932.0;2
18200;;;BANANAS;SEASHELLS;4862.0;1
18200;;;PEARLS;SEASHELLS;10002.0;9
18600;;;UKULELE;SEASHELLS;21024.0;5
18900;;;BANANAS;SEASHELLS;4866.0;8
18900;;;PEARLS;SEASHELLS;10002.0;1
19000;;;DIVING_GEAR;SEASHELLS;98916.0;1
19300;;;BANANAS;SEASHELLS;4863.0;2
19300;;;BANANAS;SEASHELLS;4863.0;13
19300;;;PEARLS;SEASHELLS;9998.0;2
19300;;;PEARLS;SEASHELLS;9998.0;6
19500;;;UKULELE;SEASHELLS;21041.0;5
19500;;;BAGUETTE;SEASHELLS;12045.0;6
19600;;;PEARLS;SEASHELLS;10002.0;1
19600;;;BANANAS;SEASHELLS;4863.0;5
19600;;;BANANAS;SEASHELLS;4863.0;4
19800;;;UKULELE;SEASHELLS;21042.0;2
19900;;;BAGUETTE;SEASHELLS;12039.0;6
19900;;;DIVING_GEAR;SEASHELLS;98946.0;2
19900;;;PEARLS;SEASHELLS;9996.0;1
20000;;;PEARLS;SEASHELLS;9998.0;1
20000;;;BANANAS;SEASHELLS;4863.0;12
20100;;;PICNIC_BASKET;SEASHELLS;73435.0;1
20100;;;COCONUTS;SEASHELLS;7989.0;10
20100;;;UKULELE;SEASHELLS;21038.0;5
20200;;;PEARLS;SEASHELLS;10002.0;1
20300;;;DIP;SEASHELLS;6992.0;7
20500;;;BERRIES;SEASHELLS;3911.0;4
20500;;;BAGUETTE;SEASHELLS;12047.0;8
20600;;;BANANAS;SEASHELLS;4865.0;2
20600;;;PEARLS;SEASHELLS;9998.0;2
20700;;;DIP;SEASHELLS;6995.0;9
20800;;;DIP;SEASHELLS;6995.0;12
20800;;;COCONUTS;SEASHELLS;7989.0;10
20900;;;BANANAS;SEASHELLS;4860.0;1
20900;;;UKULELE;SEASHELLS;21038.0;3
21000;;;BANANAS;SEASHELLS;4861.0;13
21000;;;BAGUETTE;SEASHELLS;12042.0;5
21100;;;DIP;SEASHELLS;6994.0;5
21200;;;BAGUETTE;SEASHELLS;12036.0;4
21200;;;BANANAS;SEASHELLS;4865.0;1
21200;;;PEARLS;SEASHELLS;9998.0;1
21300;;;PICNIC_BASKET;SEASHELLS;73464.0;4
21500;;;DIVING_GEAR;SEASHELLS;98934.0;3
21500;;;UKULELE;SEASHELLS;21049.0;3
21600;;;DIVING_GEAR;SEASHELLS;98934.0;3
21600;;;BANANAS;SEASHELLS;4864.0;1
21600;;;BANANAS;SEASHELLS;4864.0;1
21700;;;BERRIES;SEASHELLS;3915.0;13
21700;;;BAGUETTE;SEASHELLS;12027.0;4
21900;;;PINA_COLADAS;SEASHELLS;14967.0;2
21900;;;BERRIES;SEASHELLS;3922.0;14
22100;;;BANANAS;SEASHELLS;4865.0;1
22200;;;PEARLS;SEASHELLS;10002.0;1
22200;;;UKULELE;SEASHELLS;21048.0;2
22400;;;PICNIC_BASKET;SEASHELLS;73488.0;5
22400;;;PEARLS;SEASHELLS;10002.0;1
22500;;;BANANAS;SEASHELLS;4866.0;1
22700;;;BAGUETTE;SEASHELLS;12024.0;5
22800;;;BANANAS;SEASHELLS;4861.0;1
22800;;;BANANAS;SEASHELLS;4867.0;6
22800;;;PEARLS;SEASHELLS;10002.0;1
22800;;;BANANAS;SEASHELLS;4861.0;1
22900;;;BANANAS;SEASHELLS;4861.0;1
22900;;;DIP;SEASHELLS;7000.0;4
23000;;;BAGUETTE;SEASHELLS;12025.0;3
23000;;;BANANAS;SEASHELLS;4865.0;1
23000;;;PEARLS;SEASHELLS;10002.0;1
23200;;;BANANAS;SEASHELLS;4860.0;1
23400;;;DIVING_GEAR;SEASHELLS;98908.0;1
23500;;;BANANAS;SEASHELLS;4865.0;1
23500;;;BAGUETTE;SEASHELLS;12014.0;4
23600;;;BANANAS;SEASHELLS;4861.0;1
23600;;;UKULELE;SEASHELLS;21029.0;5
23900;;;BAGUETTE;SEASHELLS;12014.0;8
24000;;;DIP;SEASHELLS;7001.0;7
24100;;;PICNIC_BASKET;SEASHELLS;73470.0;2
24100;;;DIP;SEASHELLS;7002.0;6
24300;;;UKULELE;SEASHELLS;21028.0;2
24300;;;BANANAS;SEASHELLS;4862.0;1
24300;;;PEARLS;SEASHELLS;10002.0;1
24300;;;DIVING_GEAR;SEASHELLS;98892.0;3
24400;;;BAGUETTE;SEASHELLS;12015.0;8
24400;;;BANANAS;SEASHELLS;4868.0;17
24600;;;BANANAS;SEASHELLS;4864.0;2
25100;;;BANANAS;SEASHELLS;4867.0;1
25100;;;DIP;SEASHELLS;6998.0;10
25100;;;PEARLS;SEASHELLS;9998.0;1
25100;;;BAGUETTE;SEASHELLS;12014.0;5
25400;;;BERRIES;SEASHELLS;3917.0;10
25500;;;BERRIES;SEASHELLS;3921.0;3
25700;;;UKULELE;SEASHELLS;21030.0;5
25700;;;DIP;SEASHELLS;6999.0;6
25800;;;DIP;SEASHELLS;6999.0;9
25900;;;BERRIES;SEASHELLS;3917.0;2
25900;;;UKULELE;SEASHELLS;21032.0;2
25900;;;BANANAS;SEASHELLS;4871.0;2
25900;;;PEARLS;SEASHELLS;10004.0;2
26100;;;DIP;SEASHELLS;7001.0;9
26200;;;PEARLS;SEASHELLS;10002.0;1
26300;;;BANANAS;SEASHELLS;4865.0;1
26300;;;PEARLS;SEASHELLS;10002.0;4
26600;;;PEARLS;SEASHELLS;9998.0;4
26700;;;BANANAS;SEASHELLS;4872.0;1
26700;;;PINA_COLADAS;SEASHELLS;14959.0;5
26700;;;BAGUETTE;SEASHELLS;12040.0;5
26800;;;PEARLS;SEASHELLS;10002.0;1
27000;;;PICNIC_BASKET;SEASHELLS;73535.0;1
27100;;;BANANAS;SEASHELLS;4871.0;1
27100;;;PEARLS;SEASHELLS;9998.0;1
27200;;;UKULELE;SEASHELLS;21038.0;5
27200;;;BANANAS;SEASHELLS;4871.0;1
27300;;;UKULELE;SEASHELLS;21035.0;1
27300;;;BANANAS;SEASHELLS;4866.0;1
27400;;;PEARLS;SEASHELLS;9998.0;6
27400;;;PEARLS;SEASHELLS;9998.0;3
27500;;;BANANAS;SEASHELLS;4873.0;19
27600;;;BANANAS;SEASHELLS;4872.0;1
27800;;;PEARLS;SEASHELLS;9998.0;3
28100;;;PEARLS;SEASHELLS;10004.0;2
28100;;;PEARLS;SEASHELLS;10004.0;1
28200;;;COCONUTS;SEASHELLS;7990.0;46
28200;;;COCONUTS;SEASHELLS;7990.0;17
28400;;;UKULELE;SEASHELLS;21032.0;1
28500;;;BANANAS;SEASHELLS;4868.0;1
28500;;;BANANAS;SEASHELLS;4868.0;18
28600;;;BANANAS;SEASHELLS;4867.0;1
28600;;;BANANAS;SEASHELLS;4867.0;10
28700;;;BANANAS;SEASHELLS;4868.0;1
29000;;;PEARLS;SEASHELLS;10002.0;1
29000;;;DIP;SEASHELLS;7007.0;7
29400;;;BAGUETTE;SEASHELLS;12032.0;4
29400;;;PEARLS;SEASHELLS;10002.0;1
29500;;;BANANAS;SEASHELLS;4865.0;1
29800;;;PEARLS;SEASHELLS;10005.0;5
29900;;;BANANAS;SEASHELLS;4872.0;19
30000;;;PICNIC_BASKET;SEASHELLS;73659.0;2
30200;;;PEARLS;SEASHELLS;9998.0;1
30200;;;BANANAS;SEASHELLS;4867.0;2
30200;;;DIP;SEASHELLS;6999.0;10
30500;;;DIP;SEASHELLS;6998.0;7
30600;;;PEARLS;SEASHELLS;10002.0;1
30900;;;UKULELE;SEASHELLS;21027.0;1
31000;;;PEARLS;SEASHELLS;10002.0;1
31000;;;BANANAS;SEASHELLS;4871.0;1
31100;;;BANANAS;SEASHELLS;4871.0;1
31100;;;PINA_COLADAS;SEASHELLS;14943.0;2
31100;;;PEARLS;SEASHELLS;10002.0;1
31200;;;BANANAS;SEASHELLS;4866.0;1
31200;;;PEARLS;SEASHELLS;10002.0;1
31200;;;PEARLS;SEASHELLS;10002.0;6
31200;;;UKULELE;SEASHELLS;21020.0;1
31200;;;COCONUTS;SEASHELLS;7979.0;14
31300;;;DIP;SEASHELLS;7001.0;4
31400;;;PEARLS;SEASHELLS;10002.0;3
31600;;;PEARLS;SEASHELLS;9998.0;3
31600;;;PEARLS;SEASHELLS;9998.0;1
31700;;;PEARLS;SEASHELLS;10002.0;1
31700;;;PEARLS;SEASHELLS;9995.0;3
31800;;;UKULELE;SEASHELLS;21018.0;4
32000;;;BERRIES;SEASHELLS;3929.0;3
32100;;;BANANAS;SEASHELLS;4866.0;2
32100;;;PEARLS;SEASHELLS;9998.0;2
32300;;;BANANAS;SEASHELLS;4866.0;4
32400;;;BANANAS;SEASHELLS;4867.0;2
32500;;;PEARLS;SEASHELLS;10002.0;1
32500;;;DIP;SEASHELLS;7002.0;3
32500;;;BERRIES;SEASHELLS;3929.0;13
32700;;;DIP;SEASHELLS;6999.0;4
32800;;;BERRIES;SEASHELLS;3921.0;14
32800;;;UKULELE;SEASHELLS;21010.0;4
32900;;;BAGUETTE;SEASHELLS;12046.0;7
33000;;;BANANAS;SEASHELLS;4866.0;14
33000;;;BANANAS;SEASHELLS;4866.0;2
33300;;;DIP;SEASHELLS;7002.0;4
33400;;;DIVING_GEAR;SEASHELLS;98920.0;3
33400;;;UKULELE;SEASHELLS;21012.0;4
33600;;;PEARLS;SEASHELLS;9998.0;2
33700;;;BERRIES;SEASHELLS;3920.0;16
33800;;;BANANAS;SEASHELLS;4871.0;4
33900;;;PEARLS;SEASHELLS;10004.0;11
33900;;;PEARLS;SEASHELLS;10004.0;1
34000;;;BANANAS;SEASHELLS;4871.0;1
34000;;;BERRIES;SEASHELLS;3926.0;20
34200;;;PEARLS;SEASHELLS;10002.0;1
34300;;;BANANAS;SEASHELLS;4865.0;1
34600;;;DIVING_GEAR;SEASHELLS;98898.0;3
34800;;;BANANAS;SEASHELLS;4865.0;1
34800;;;BANANAS;SEASHELLS;4865.0;3
34800;;;DIP;SEASHELLS;7004.0;8
34800;;;DIP;SEASHELLS;7002.0;11
34900;;;BAGUETTE;SEASHELLS;12047.0;7
35100;;;BERRIES;SEASHELLS;3924.0;3
35200;;;DIP;SEASHELLS;7001.0;7
35300;;;BAGUETTE;SEASHELLS;12047.0;5
35400;;;PEARLS;SEASHELLS;10002.0;1
35600;;;DIP;SEASHELLS;7002.0;6
35600;;;PINA_COLADAS;SEASHELLS;14956.0;11
35700;;;UKULELE;SEASHELLS;20997.0;1
35700;;;BAGUETTE;SEASHELLS;12048.0;8
36000;;;UKULELE;SEASHELLS;21000.0;2
36000;;;DIVING_GEAR;SEASHELLS;98923.0;3
36100;;;DIP;SEASHELLS;7003.0;7
36300;;;DIP;SEASHELLS;7003.0;12
36400;;;UKULELE;SEASHELLS;21002.0;1
36500;;;BANANAS;SEASHELLS;4863.0;1
36600;;;UKULELE;SEASHELLS;21008.0;5
36700;;;PEARLS;SEASHELLS;10002.0;1
36700;;;DIP;SEASHELLS;7000.0;7
36700;;;PEARLS;SEASHELLS;10002.0;1
36800;;;BANANAS;SEASHELLS;4865.0;2
37300;;;PEARLS;SEASHELLS;9996.0;1
37400;;;PICNIC_BASKET;SEASHELLS;73695.0;4
37600;;;PEARLS;SEASHELLS;10004.0;9
37600;;;BANANAS;SEASHELLS;4869.0;1
37600;;;PEARLS;SEASHELLS;10004.0;1
37600;;;UKULELE;SEASHELLS;21000.0;5
37800;;;PEARLS;SEASHELLS;10004.0;2
37800;;;BANANAS;SEASHELLS;4870.0;2
37900;;;DIVING_GEAR;SEASHELLS;98914.0;1
38100;;;BAGUETTE;SEASHELLS;12066.0;3
38400;;;DIP;SEASHELLS;7001.0;6
38400;;;UKULELE;SEASHELLS;20996.0;5
38600;;;DIP;SEASHELLS;6999.0;7
38700;;;BANANAS;SEASHELLS;4864.0;1
38700;;;PINA_COLADAS;SEASHELLS;14954.0;5
38700;;;UKULELE;SEASHELLS;21009.0;1
38700;;;PEARLS;SEASHELLS;10004.0;2
38900;;;UKULELE;SEASHELLS;21007.0;5
39100;;;BANANAS;SEASHELLS;4869.0;1
39100;;;BERRIES;SEASHELLS;3921.0;2
39100;;;PEARLS;SEASHELLS;9998.0;1
39200;;;BANANAS;SEASHELLS;4863.0;2
39200;;;PEARLS;SEASHELLS;9995.0;2
39200;;;PICNIC_BASKET;SEASHELLS;73728.0;10
39700;;;BANANAS;SEASHELLS;4862.0;1
39700;;;BERRIES;SEASHELLS;3925.0;11
40200;;;DIP;SEASHELLS;7006.0;4
40200;;;BERRIES;SEASHELLS;3916.0;2
40500;;;DIP;SEASHELLS;7004.0;5
40500;;;BANANAS;SEASHELLS;4863.0;5
40600;;;PEARLS;SEASHELLS;10002.0;1
40700;;;BANANAS;SEASHELLS;4866.0;1
40900;;;UKULELE;SEASHELLS;21006.0;5
41000;;;DIP;SEASHELLS;7008.0;7
41100;;;BANANAS;SEASHELLS;4865.0;7
41100;;;DIP;SEASHELLS;7008.0;6
41200;;;PICNIC_BASKET;SEASHELLS;73763.0;10
41200;;;DIP;SEASHELLS;7008.0;10
41400;;;BANANAS;SEASHELLS;4862.0;5
41800;;;BANANAS;SEASHELLS;4864.0;4
41800;;;BANANAS;SEASHELLS;4862.0;1
41900;;;DIP;SEASHELLS;7001.0;5
42000;;;PEARLS;SEASHELLS;9998.0;1
42200;;;BAGUETTE;SEASHELLS;12089.0;6
42200;;;BANANAS;SEASHELLS;4868.0;12
42300;;;UKULELE;SEASHELLS;21004.0;3
42400;;;BANANAS;SEASHELLS;4863.0;1
42400;;;PICNIC_BASKET;SEASHELLS;73722.0;2
42400;;;PEARLS;SEASHELLS;9996.0;1
42500;;;UKULELE;SEASHELLS;20999.0;3
42600;;;BAGUETTE;SEASHELLS;12080.0;4
42800;;;BERRIES;SEASHELLS;3916.0;1
43000;;;COCONUTS;SEASHELLS;7977.0;19
43000;;;COCONUTS;SEASHELLS;7977.0;48
43100;;;COCONUTS;SEASHELLS;7979.0;8
43100;;;DIP;SEASHELLS;7002.0;6
43200;;;PEARLS;SEASHELLS;9996.0;2
43400;;;BAGUETTE;SEASHELLS;12084.0;5
43400;;;DIP;SEASHELLS;7004.0;6
43600;;;PEARLS;SEASHELLS;10002.0;2
43900;;;PEARLS;SEASHELLS;10002.0;4
43900;;;PEARLS;SEASHELLS;10002.0;1
43900;;;PEARLS;SEASHELLS;10002.0;2
43900;;;BANANAS;SEASHELLS;4864.0;1
44100;;;PICNIC_BASKET;SEASHELLS;73712.0;2
44300;;;PEARLS;SEASHELLS;9998.0;2
44300;;;BERRIES;SEASHELLS;3917.0;9
44400;;;BERRIES;SEASHELLS;3917.0;7
44400;;;DIP;SEASHELLS;7001.0;4
44600;;;PICNIC_BASKET;SEASHELLS;73676.0;4
44600;;;PINA_COLADAS;SEASHELLS;14944.0;31
44600;;;PICNIC_BASKET;SEASHELLS;73676.0;1
44600;;;PINA_COLADAS;SEASHELLS;14944.0;3
44700;;;BERRIES;SEASHELLS;3924.0;5
44700;;;BANANAS;SEASHELLS;4869.0;1
44800;;;COCONUTS;SEASHELLS;7977.0;46
44800;;;PICNIC_BASKET;SEASHELLS;73675.0;8
45000;;;BANANAS;SEASHELLS;4864.0;1
45000;;;BERRIES;SEASHELLS;3924.0;12
45100;;;DIP;SEASHELLS;7001.0;8
45200;;;PEARLS;SEASHELLS;10002.0;1
45200;;;BANANAS;SEASHELLS;4864.0;1
45200;;;PINA_COLADAS;SEASHELLS;14938.0;4
45300;;;BANANAS;SEASHELLS;4864.0;1
45300;;;PICNIC_BASKET;SEASHELLS;73691.0;5
45400;;;BANANAS;SEASHELLS;4864.0;4
45400;;;BANANAS;SEASHELLS;4864.0;4
45500;;;PEARLS;SEASHELLS;9998.0;3
45800;;;BANANAS;SEASHELLS;4865.0;7
45800;;;BAGUETTE;SEASHELLS;12085.0;8
45900;;;BANANAS;SEASHELLS;4865.0;1
46000;;;PEARLS;SEASHELLS;9998.0;1
46100;;;BAGUETTE;SEASHELLS;12087.0;5
46300;;;UKULELE;SEASHELLS;21002.0;3
46400;;;COCONUTS;SEASHELLS;7971.0;8
46400;;;BANANAS;SEASHELLS;4869.0;1
46500;;;PEARLS;SEASHELLS;9998.0;1
46600;;;BANANAS;SEASHELLS;4869.0;1
46600;;;DIP;SEASHELLS;7003.0;10
46700;;;UKULELE;SEASHELLS;21003.0;2
46900;;;BANANAS;SEASHELLS;4865.0;11
47000;;;UKULELE;SEASHELLS;21009.0;1
47000;;;DIP;SEASHELLS;7002.0;11
47200;;;BANANAS;SEASHELLS;4870.0;1
47200;;;BERRIES;SEASHELLS;3922.0;19
47400;;;PEARLS;SEASHELLS;9998.0;1
47700;;;BERRIES;SEASHELLS;3922.0;6
47800;;;DIP;SEASHELLS;7000.0;10
47800;;;BAGUETTE;SEASHELLS;12085.0;5
48000;;;UKULELE;SEASHELLS;21013.0;3
48000;;;PEARLS;SEASHELLS;10002.0;1
48100;;;COCONUTS;SEASHELLS;7975.0;8
48100;;;DIP;SEASHELLS;6998.0;7
48200;;;BANANAS;SEASHELLS;4864.0;1
48200;;;DIVING_GEAR;SEASHELLS;98949.0;2
48300;;;DIVING_GEAR;SEASHELLS;98963.0;3
48300;;;BANANAS;SEASHELLS;4869.0;1
48400;;;BERRIES;SEASHELLS;3915.0;2
48600;;;DIVING_GEAR;SEASHELLS;98973.0;3
48700;;;UKULELE;SEASHELLS;21009.0;1
48800;;;DIP;SEASHELLS;6996.0;8
48900;;;BANANAS;SEASHELLS;4865.0;1
49000;;;PEARLS;SEASHELLS;10004.0;1
49000;;;PINA_COLADAS;SEASHELLS;14950.0;4
49000;;;PEARLS;SEASHELLS;10004.0;1
49400;;;DIP;SEASHELLS;6996.0;8
49400;;;BAGUETTE;SEASHELLS;12069.0;6
49600;;;DIVING_GEAR;SEASHELLS;98966.0;2
49800;;;PINA_COLADAS;SEASHELLS;14944.0;3
49800;;;BANANAS;SEASHELLS;4863.0;1
49800;;;PEARLS;SEASHELLS;10002.0;1
49800;;;BANANAS;SEASHELLS;4868.0;1
49900;;;BAGUETTE;SEASHELLS;12075.0;5
50000;;;BANANAS;SEASHELLS;4868.0;2
50100;;;PEARLS;SEASHELLS;10002.0;4
50200;;;UKULELE;SEASHELLS;20994.0;8
50400;;;DIP;SEASHELLS;6995.0;9
50600;;;BANANAS;SEASHELLS;4871.0;1
50600;;;UKULELE;SEASHELLS;20994.0;5
50600;;;BAGUETTE;SEASHELLS;12079.0;8
50700;;;BAGUETTE;SEASHELLS;12083.0;5
50900;;;BANANAS;SEASHELLS;4866.0;1
50900;;;PINA_COLADAS;SEASHELLS;14942.0;5
51000;;;DIP;SEASHELLS;6998.0;6
51200;;;DIVING_GEAR;SEASHELLS;99002.0;3
51500;;;DIP;SEASHELLS;6996.0;9
51500;;;PEARLS;SEASHELLS;9995.0;2
51500;;;BANANAS;SEASHELLS;4866.0;13
51500;;;BANANAS;SEASHELLS;4866.0;2
51600;;;DIVING_GEAR;SEASHELLS;98994.0;2
51600;;;PICNIC_BASKET;SEASHELLS;73642.0;2
52000;;;PEARLS;SEASHELLS;9998.0;1
52100;;;BANANAS;SEASHELLS;4873.0;18
52200;;;DIVING_GEAR;SEASHELLS;98971.0;3
52200;;;BANANAS;SEASHELLS;4866.0;1
52200;;;PEARLS;SEASHELLS;10002.0;1
52400;;;PEARLS;SEASHELLS;10002.0;4
52400;;;PEARLS;SEASHELLS;10002.0;3
52400;;;BERRIES;SEASHELLS;3916.0;9
52500;;;PINA_COLADAS;SEASHELLS;14953.0;14
52600;;;PEARLS;SEASHELLS;10004.0;1
52700;;;BANANAS;SEASHELLS;4872.0;1
52800;;;DIP;SEASHELLS;6998.0;8
52800;;;BANANAS;SEASHELLS;4871.0;1
52800;;;BANANAS;SEASHELLS;4867.0;8
53000;;;UKULELE;SEASHELLS;20993.0;2
53100;;;PEARLS;SEASHELLS;9998.0;5
53100;;;PICNIC_BASKET;SEASHELLS;73689.0;2
53100;;;PICNIC_BASKET;SEASHELLS;73689.0;4
53600;;;BANANAS;SEASHELLS;4869.0;10
53600;;;BANANAS;SEASHELLS;4869.0;2
53600;;;DIVING_GEAR;SEASHELLS;99025.0;3
53600;;;DIP;SEASHELLS;6994.0;5
54000;;;PEARLS;SEASHELLS;10002.0;1
54100;;;PEARLS;SEASHELLS;10004.0;1
54100;;;BANANAS;SEASHELLS;4875.0;1
54100;;;BANANAS;SEASHELLS;4875.0;1
54100;;;PEARLS;SEASHELLS;10004.0;1
54100;;;COCONUTS;SEASHELLS;7978.0;6
54200;;;BANANAS;SEASHELLS;4869.0;1
54300;;;PEARLS;SEASHELLS;10002.0;1
54300;;;BANANAS;SEASHELLS;4869.0;2
54400;;;DIP;SEASHELLS;6992.0;3
54500;;;UKULELE;SEASHELLS;20970.0;4
54600;;;PEARLS;SEASHELLS;10002.0;2
54700;;;BANANAS;SEASHELLS;4875.0;1
54700;;;UKULELE;SEASHELLS;20973.0;5
54700;;;PEARLS;SEASHELLS;10004.0;1
54700;;;BANANAS;SEASHELLS;4875.0;1
54700;;;PEARLS;SEASHELLS;10005.0;2
54700;;;PEARLS;SEASHELLS;10004.0;4
54800;;;UKULELE;SEASHELLS;20974.0;1
54900;;;BANANAS;SEASHELLS;4874.0;1
55200;;;BANANAS;SEASHELLS;4869.0;1
55200;;;PICNIC_BASKET;SEASHELLS;73612.0;1
55300;;;PEARLS;SEASHELLS;10002.0;5
55300;;;BANANAS;SEASHELLS;4875.0;1
55300;;;UKULELE;SEASHELLS;20980.0;4
55300;;;PEARLS;SEASHELLS;10002.0;3
55400;;;PICNIC_BASKET;SEASHELLS;73601.0;1
55400;;;PEARLS;SEASHELLS;9998.0;6
55400;;;DIVING_GEAR;SEASHELLS;98988.0;3
55400;;;DIVING_GEAR;SEASHELLS;98991.0;3
55500;;;BAGUETTE;SEASHELLS;12092.0;6
55500;;;PICNIC_BASKET;SEASHELLS;73586.0;2
55500;;;PICNIC_BASKET;SEASHELLS;73592.0;1
55700;;;UKULELE;SEASHELLS;20984.0;1
55900;;;DIP;SEASHELLS;6990.0;9
55900;;;BANANAS;SEASHELLS;4872.0;1
55900;;;PEARLS;SEASHELLS;9998.0;4
56100;;;BERRIES;SEASHELLS;3919.0;10
56400;;;BANANAS;SEASHELLS;4870.0;4
56500;;;PEARLS;SEASHELLS;10002.0;6
56700;;;BAGUETTE;SEASHELLS;12112.0;4
56700;;;DIP;SEASHELLS;6991.0;10
56700;;;PEARLS;SEASHELLS;9998.0;1
57100;;;BANANAS;SEASHELLS;4874.0;1
57100;;;PEARLS;SEASHELLS;9998.0;1
57200;;;BAGUETTE;SEASHELLS;12111.0;3
57200;;;BANANAS;SEASHELLS;4871.0;5
57300;;;DIP;SEASHELLS;6990.0;10
57500;;;UKULELE;SEASHELLS;20988.0;1
57500;;;BERRIES;SEASHELLS;3912.0;10
57600;;;UKULELE;SEASHELLS;20988.0;3
57600;;;PEARLS;SEASHELLS;9998.0;1
57700;;;DIP;SEASHELLS;6991.0;11
57800;;;PICNIC_BASKET;SEASHELLS;73599.0;2
57900;;;DIVING_GEAR;SEASHELLS;99012.0;1
58100;;;UKULELE;SEASHELLS;20985.0;4
58100;;;PEARLS;SEASHELLS;10005.0;7
58300;;;BERRIES;SEASHELLS;3919.0;3
58400;;;PICNIC_BASKET;SEASHELLS;73560.0;8
58500;;;BAGUETTE;SEASHELLS;12116.0;3
58500;;;BANANAS;SEASHELLS;4870.0;3
58500;;;DIP;SEASHELLS;6988.0;11
58600;;;PEARLS;SEASHELLS;9996.0;1
58600;;;BANANAS;SEASHELLS;4870.0;1
58800;;;BANANAS;SEASHELLS;4876.0;2
58800;;;COCONUTS;SEASHELLS;7973.0;5
58800;;;PEARLS;SEASHELLS;10004.0;1
58800;;;PEARLS;SEASHELLS;10004.0;1
58900;;;BANANAS;SEASHELLS;4875.0;1
58900;;;BANANAS;SEASHELLS;4876.0;2
58900;;;PEARLS;SEASHELLS;10004.0;2
58900;;;DIP;SEASHELLS;6992.0;8
59000;;;PICNIC_BASKET;SEASHELLS;73532.0;1
59000;;;PICNIC_BASKET;SEASHELLS;73532.0;5
59100;;;DIP;SEASHELLS;6992.0;7
59100;;;BERRIES;SEASHELLS;3918.0;3
59100;;;PEARLS;SEASHELLS;9998.0;1
59300;;;BAGUETTE;SEASHELLS;12108.0;7
59400;;;PEARLS;SEASHELLS;10002.0;1
59500;;;BAGUETTE;SEASHELLS;12109.0;3
59600;;;PEARLS;SEASHELLS;10002.0;1
59600;;;UKULELE;SEASHELLS;20976.0;2
59800;;;BANANAS;SEASHELLS;4871.0;9
59800;;;BANANAS;SEASHELLS;4871.0;9
59900;;;BANANAS;SEASHELLS;4871.0;2
59900;;;PEARLS;SEASHELLS;9996.0;2
60000;;;BANANAS;SEASHELLS;4876.0;10
60000;;;UKULELE;SEASHELLS;20973.0;4
60000;;;PEARLS;SEASHELLS;9998.0;3
60000;;;BANANAS;SEASHELLS;4876.0;1
60100;;;UKULELE;SEASHELLS;20974.0;4
60200;;;DIVING_GEAR;SEASHELLS;99003.0;1
60200;;;PICNIC_BASKET;SEASHELLS;73479.0;1
60300;;;UKULELE;SEASHELLS;20972.0;3
60300;;;BANANAS;SEASHELLS;4872.0;3
60300;;;BANANAS;SEASHELLS;4872.0;14
60400;;;BAGUETTE;SEASHELLS;12110.0;8
60400;;;DIP;SEASHELLS;6991.0;4
60400;;;PEARLS;SEASHELLS;9996.0;2
60400;;;PEARLS;SEASHELLS;9998.0;1
60400;;;PEARLS;SEASHELLS;9996.0;5
60600;;;BANANAS;SEASHELLS;4872.0;1
60600;;;PEARLS;SEASHELLS;9996.0;1
60600;;;BERRIES;SEASHELLS;3918.0;11
60700;;;BANANAS;SEASHELLS;4872.0;1
60700;;;DIVING_GEAR;SEASHELLS;99024.0;3
60800;;;BANANAS;SEASHELLS;4878.0;1
61000;;;PEARLS;SEASHELLS;9998.0;1
61100;;;DIP;SEASHELLS;6991.0;10
61100;;;BANANAS;SEASHELLS;4874.0;4
61200;;;BAGUETTE;SEASHELLS;12102.0;6
61200;;;BANANAS;SEASHELLS;4874.0;1
61400;;;DIVING_GEAR;SEASHELLS;99028.0;1
61400;;;UKULELE;SEASHELLS;20971.0;3
61500;;;BANANAS;SEASHELLS;4878.0;1
61900;;;BAGUETTE;SEASHELLS;12101.0;3
62000;;;PICNIC_BASKET;SEASHELLS;73513.0;3
62100;;;BERRIES;SEASHELLS;3910.0;5
62300;;;PICNIC_BASKET;SEASHELLS;73456.0;7
62600;;;BANANAS;SEASHELLS;4879.0;12
62700;;;BERRIES;SEASHELLS;3913.0;13
62700;;;PEARLS;SEASHELLS;9998.0;1
62700;;;UKULELE;SEASHELLS;20960.0;5
62800;;;PEARLS;SEASHELLS;9995.0;12
63000;;;BANANAS;SEASHELLS;4875.0;9
63000;;;UKULELE;SEASHELLS;20967.0;2
63100;;;PEARLS;SEASHELLS;9998.0;1
63100;;;PINA_COLADAS;SEASHELLS;14962.0;13
63200;;;DIP;SEASHELLS;6993.0;9
63300;;;BAGUETTE;SEASHELLS;12098.0;4
63300;;;PEARLS;SEASHELLS;10002.0;1
63300;;;PEARLS;SEASHELLS;10002.0;4
63300;;;BANANAS;SEASHELLS;4880.0;1
63400;;;BAGUETTE;SEASHELLS;12094.0;4
63600;;;BANANAS;SEASHELLS;4880.0;1
63600;;;UKULELE;SEASHELLS;20960.0;3
63800;;;BERRIES;SEASHELLS;3910.0;2
63800;;;DIP;SEASHELLS;6991.0;12
63900;;;BAGUETTE;SEASHELLS;12099.0;5
64100;;;DIP;SEASHELLS;6993.0;7
64300;;;DIP;SEASHELLS;6992.0;8
64300;;;DIVING_GEAR;SEASHELLS;99039.0;2
64600;;;PEARLS;SEASHELLS;9996.0;2
64700;;;DIP;SEASHELLS;6990.0;8
64900;;;PEARLS;SEASHELLS;9998.0;4
65000;;;BANANAS;SEASHELLS;4880.0;1
65000;;;DIP;SEASHELLS;6992.0;7
65200;;;BANANAS;SEASHELLS;4874.0;1
65200;;;DIP;SEASHELLS;6994.0;12
65300;;;UKULELE;SEASHELLS;20957.0;1
65400;;;DIVING_GEAR;SEASHELLS;99057.0;2
65400;;;BANANAS;SEASHELLS;4880.0;1
65600;;;BAGUETTE;SEASHELLS;12088.0;5
65700;;;BANANAS;SEASHELLS;4882.0;5
65700;;;BANANAS;SEASHELLS;4875.0;1
65800;;;PEARLS;SEASHELLS;10002.0;1
65900;;;UKULELE;SEASHELLS;20966.0;1
65900;;;BAGUETTE;SEASHELLS;12090.0;5
66000;;;COCONUTS;SEASHELLS;7971.0;16
66000;;;BAGUETTE;SEASHELLS;12092.0;5
66100;;;PEARLS;SEASHELLS;10004.0;2
66100;;;BANANAS;SEASHELLS;4881.0;2
66200;;;PEARLS;SEASHELLS;10002.0;1
66300;;;BANANAS;SEASHELLS;4879.0;5
66600;;;BERRIES;SEASHELLS;3917.0;18
66600;;;PEARLS;SEASHELLS;10002.0;2
66700;;;BANANAS;SEASHELLS;4877.0;2
66800;;;DIVING_GEAR;SEASHELLS;99019.0;2
67300;;;BANANAS;SEASHELLS;4873.0;8
67300;;;BANANAS;SEASHELLS;4873.0;1
67400;;;PEARLS;SEASHELLS;9996.0;4
67400;;;PEARLS;SEASHELLS;9996.0;1
67600;;;BAGUETTE;SEASHELLS;12100.0;9
67800;;;BANANAS;SEASHELLS;4872.0;16
67800;;;PEARLS;SEASHELLS;9996.0;3
67800;;;PEARLS;SEASHELLS;9996.0;2
67900;;;DIVING_GEAR;SEASHELLS;99004.0;1
67900;;;BAGUETTE;SEASHELLS;12102.0;3
68000;;;BANANAS;SEASHELLS;4878.0;1
68000;;;PEARLS;SEASHELLS;10002.0;1
68000;;;UKULELE;SEASHELLS;20963.0;1
68000;;;BERRIES;SEASHELLS;3910.0;14
68200;;;BANANAS;SEASHELLS;4875.0;2
68200;;;BERRIES;SEASHELLS;3916.0;27
68200;;;PEARLS;SEASHELLS;9998.0;1
68300;;;BANANAS;SEASHELLS;4874.0;8
68400;;;PEARLS;SEASHELLS;10002.0;1
68500;;;PEARLS;SEASHELLS;10004.0;1
68500;;;BANANAS;SEASHELLS;4879.0;1
68600;;;PEARLS;SEASHELLS;9998.0;1
68600;;;PICNIC_BASKET;SEASHELLS;73489.0;5
68900;;;BANANAS;SEASHELLS;4878.0;4
69100;;;PEARLS;SEASHELLS;9996.0;1
69100;;;DIVING_GEAR;SEASHELLS;99020.0;1
69100;;;BANANAS;SEASHELLS;4874.0;1
69300;;;UKULELE;SEASHELLS;20961.0;5
69300;;;DIVING_GEAR;SEASHELLS;99027.0;1
69500;;;BAGUETTE;SEASHELLS;12098.0;5
69700;;;PICNIC_BASKET;SEASHELLS;73526.0;2
69800;;;BAGUETTE;SEASHELLS;12100.0;6
69900;;;PEARLS;SEASHELLS;10002.0;1
70100;;;DIP;SEASHELLS;7005.0;4
70100;;;DIP;SEASHELLS;7006.0;4
70100;;;BANANAS;SEASHELLS;4874.0;1
70200;;;COCONUTS;SEASHELLS;7968.0;56
70200;;;UKULELE;SEASHELLS;20966.0;1
70300;;;BANANAS;SEASHELLS;4880.0;1
70300;;;COCONUTS;SEASHELLS;7970.0;7
70300;;;PEARLS;SEASHELLS;10004.0;1
70400;;;DIP;SEASHELLS;7009.0;5
70400;;;PICNIC_BASKET;SEASHELLS;73612.0;2
70500;;;BAGUETTE;SEASHELLS;12113.0;4
70700;;;PEARLS;SEASHELLS;10005.0;1
70700;;;BANANAS;SEASHELLS;4881.0;1
70900;;;BANANAS;SEASHELLS;4874.0;1
70900;;;DIP;SEASHELLS;7006.0;9
70900;;;UKULELE;SEASHELLS;20962.0;4
71000;;;PICNIC_BASKET;SEASHELLS;73596.0;2
71000;;;PEARLS;SEASHELLS;9998.0;8
71000;;;BANANAS;SEASHELLS;4879.0;1
71000;;;BAGUETTE;SEASHELLS;12113.0;8
71100;;;DIP;SEASHELLS;7006.0;9
71100;;;PEARLS;SEASHELLS;9998.0;4
71200;;;PEARLS;SEASHELLS;9998.0;1
71200;;;DIP;SEASHELLS;7009.0;9
71400;;;PEARLS;SEASHELLS;10002.0;2
71400;;;BAGUETTE;SEASHELLS;12122.0;3
71600;;;BANANAS;SEASHELLS;4874.0;3
71700;;;DIVING_GEAR;SEASHELLS;99040.0;2
71700;;;BANANAS;SEASHELLS;4873.0;1
71700;;;PEARLS;SEASHELLS;9998.0;1
71700;;;PEARLS;SEASHELLS;9996.0;1
71800;;;BERRIES;SEASHELLS;3904.0;12
71900;;;BANANAS;SEASHELLS;4875.0;1
72100;;;PEARLS;SEASHELLS;9998.0;1
72200;;;PEARLS;SEASHELLS;9998.0;1
72600;;;BANANAS;SEASHELLS;4880.0;4
72600;;;PICNIC_BASKET;SEASHELLS;73531.0;4
72900;;;DIP;SEASHELLS;7012.0;5
73100;;;BAGUETTE;SEASHELLS;12104.0;4
73100;;;DIP;SEASHELLS;7012.0;4
73100;;;COCONUTS;SEASHELLS;7967.0;27
73200;;;BAGUETTE;SEASHELLS;12106.0;6
73300;;;BERRIES;SEASHELLS;3904.0;7
73400;;;PEARLS;SEASHELLS;10002.0;1
73500;;;DIVING_GEAR;SEASHELLS;99022.0;2
73600;;;BANANAS;SEASHELLS;4877.0;2
73600;;;PEARLS;SEASHELLS;9995.0;2
73700;;;PEARLS;SEASHELLS;10002.0;4
73700;;;DIP;SEASHELLS;7018.0;8
73800;;;BANANAS;SEASHELLS;4884.0;16
73900;;;PEARLS;SEASHELLS;10005.0;2
73900;;;BAGUETTE;SEASHELLS;12104.0;5
73900;;;BANANAS;SEASHELLS;4884.0;2
74000;;;BANANAS;SEASHELLS;4878.0;2
74000;;;PEARLS;SEASHELLS;9998.0;1
74100;;;BANANAS;SEASHELLS;4878.0;5
74100;;;BAGUETTE;SEASHELLS;12101.0;7
74200;;;BANANAS;SEASHELLS;4882.0;1
74200;;;PEARLS;SEASHELLS;10002.0;1
74200;;;PEARLS;SEASHELLS;10002.0;1
74200;;;BANANAS;SEASHELLS;4882.0;1
74300;;;PEARLS;SEASHELLS;9998.0;1
74300;;;BANANAS;SEASHELLS;4883.0;1
74300;;;PEARLS;SEASHELLS;10004.0;1
74500;;;BANANAS;SEASHELLS;4882.0;1
74500;;;BANANAS;SEASHELLS;4883.0;1
74600;;;PEARLS;SEASHELLS;9998.0;2
74600;;;UKULELE;SEASHELLS;20964.0;4
74700;;;BERRIES;SEASHELLS;3907.0;3
75000;;;COCONUTS;SEASHELLS;7962.0;79
75000;;;COCONUTS;SEASHELLS;7962.0;1
75000;;;BANANAS;SEASHELLS;4877.0;1
75000;;;PEARLS;SEASHELLS;9998.0;4
75000;;;PEARLS;SEASHELLS;9996.0;1
75100;;;UKULELE;SEASHELLS;20956.0;2
75200;;;BAGUETTE;SEASHELLS;12101.0;6
75300;;;BAGUETTE;SEASHELLS;12103.0;4
75300;;;DIVING_GEAR;SEASHELLS;99052.0;3
75500;;;BANANAS;SEASHELLS;4877.0;1
75500;;;PEARLS;SEASHELLS;9996.0;1
75500;;;DIP;SEASHELLS;7016.0;4
75600;;;UKULELE;SEASHELLS;20957.0;5
75700;;;BANANAS;SEASHELLS;4883.0;2
75700;;;PEARLS;SEASHELLS;10004.0;2
75700;;;BANANAS;SEASHELLS;4883.0;7
75800;;;BANANAS;SEASHELLS;4876.0;3
75800;;;BANANAS;SEASHELLS;4882.0;1
75900;;;BANANAS;SEASHELLS;4878.0;3
76000;;;PICNIC_BASKET;SEASHELLS;73538.0;4
76000;;;PICNIC_BASKET;SEASHELLS;73538.0;1
76500;;;BANANAS;SEASHELLS;4877.0;12
76600;;;BANANAS;SEASHELLS;4884.0;2
76700;;;PEARLS;SEASHELLS;9998.0;2
76700;;;BANANAS;SEASHELLS;4878.0;1
76700;;;DIVING_GEAR;SEASHELLS;99061.0;3
76700;;;BANANAS;SEASHELLS;4880.0;2
76800;;;COCONUTS;SEASHELLS;7964.0;47
76900;;;BANANAS;SEASHELLS;4877.0;1
76900;;;PICNIC_BASKET;SEASHELLS;73503.0;6
76900;;;BERRIES;SEASHELLS;3906.0;9
77100;;;DIVING_GEAR;SEASHELLS;99050.0;2
77300;;;BANANAS;SEASHELLS;4878.0;1
77500;;;DIP;SEASHELLS;7009.0;8
77600;;;UKULELE;SEASHELLS;20997.0;2
77800;;;COCONUTS;SEASHELLS;7958.0;26
77900;;;BANANAS;SEASHELLS;4885.0;1
78200;;;PEARLS;SEASHELLS;10002.0;1
78200;;;BANANAS;SEASHELLS;4886.0;1
78300;;;DIVING_GEAR;SEASHELLS;99067.0;1
78300;;;UKULELE;SEASHELLS;20988.0;5
78400;;;COCONUTS;SEASHELLS;7957.0;5
78500;;;PEARLS;SEASHELLS;10004.0;1
78500;;;PEARLS;SEASHELLS;10004.0;2
78600;;;DIP;SEASHELLS;7016.0;7
78700;;;BAGUETTE;SEASHELLS;12086.0;4
78700;;;PEARLS;SEASHELLS;9996.0;5
78700;;;PEARLS;SEASHELLS;9996.0;1
78800;;;BANANAS;SEASHELLS;4884.0;3
78900;;;BAGUETTE;SEASHELLS;12089.0;4
79000;;;UKULELE;SEASHELLS;20989.0;5
79000;;;PICNIC_BASKET;SEASHELLS;73529.0;1
79100;;;UKULELE;SEASHELLS;20992.0;4
79200;;;PEARLS;SEASHELLS;10002.0;3
79300;;;DIVING_GEAR;SEASHELLS;99049.0;1
79300;;;DIP;SEASHELLS;7015.0;10
79400;;;BANANAS;SEASHELLS;4879.0;19
79400;;;PEARLS;SEASHELLS;10005.0;1
79400;;;PICNIC_BASKET;SEASHELLS;73546.0;6
79400;;;BANANAS;SEASHELLS;4886.0;1
79500;;;BANANAS;SEASHELLS;4880.0;1
79500;;;PEARLS;SEASHELLS;10004.0;2
79500;;;BERRIES;SEASHELLS;3901.0;8
79700;;;BANANAS;SEASHELLS;4880.0;4
80000;;;UKULELE;SEASHELLS;20982.0;2
80000;;;BANANAS;SEASHELLS;4879.0;1
80100;;;PEARLS;SEASHELLS;9996.0;1
80100;;;BANANAS;SEASHELLS;4879.0;1
80200;;;DIP;SEASHELLS;7017.0;7
80500;;;BANANAS;SEASHELLS;4884.0;1
80500;;;PEARLS;SEASHELLS;9998.0;1
80700;;;PICNIC_BASKET;SEASHELLS;73480.0;2
80900;;;DIVING_GEAR;SEASHELLS;99069.0;1
81200;;;PEARLS;SEASHELLS;10002.0;2
81200;;;UKULELE;SEASHELLS;20994.0;2
81200;;;BANANAS;SEASHELLS;4883.0;2
81300;;;PEARLS;SEASHELLS;10004.0;2
81300;;;BANANAS;SEASHELLS;4883.0;1
81300;;;BANANAS;SEASHELLS;4884.0;2
81300;;;PEARLS;SEASHELLS;10002.0;1
81300;;;DIP;SEASHELLS;7019.0;8
81500;;;PEARLS;SEASHELLS;9998.0;1
81500;;;DIP;SEASHELLS;7018.0;4
81600;;;PEARLS;SEASHELLS;10002.0;1
81800;;;DIP;SEASHELLS;7018.0;4
82000;;;PEARLS;SEASHELLS;10002.0;1
82100;;;PEARLS;SEASHELLS;9998.0;4
82200;;;BANANAS;SEASHELLS;4879.0;20
82300;;;PEARLS;SEASHELLS;10004.0;2
82300;;;PICNIC_BASKET;SEASHELLS;73454.0;2
82300;;;PEARLS;SEASHELLS;10004.0;7
82400;;;UKULELE;SEASHELLS;20995.0;1
82400;;;BANANAS;SEASHELLS;4879.0;14
82500;;;PEARLS;SEASHELLS;9998.0;3
82500;;;DIVING_GEAR;SEASHELLS;99078.0;2
82500;;;DIVING_GEAR;SEASHELLS;99080.0;1
82800;;;BANANAS;SEASHELLS;4884.0;4
82900;;;BANANAS;SEASHELLS;4886.0;16
83000;;;BAGUETTE;SEASHELLS;12097.0;6
83100;;;PEARLS;SEASHELLS;9998.0;5
83200;;;BAGUETTE;SEASHELLS;12098.0;3
83300;;;DIP;SEASHELLS;7024.0;6
83500;;;UKULELE;SEASHELLS;20971.0;10
83600;;;PEARLS;SEASHELLS;9998.0;1
83600;;;PEARLS;SEASHELLS;9998.0;1
83600;;;BANANAS;SEASHELLS;4883.0;1
83600;;;BANANAS;SEASHELLS;4883.0;1
83800;;;PEARLS;SEASHELLS;9995.0;11
83800;;;BERRIES;SEASHELLS;3908.0;11
83800;;;PEARLS;SEASHELLS;9998.0;2
84000;;;BAGUETTE;SEASHELLS;12108.0;7
84000;;;BANANAS;SEASHELLS;4883.0;1
84700;;;PEARLS;SEASHELLS;10002.0;1
84700;;;PEARLS;SEASHELLS;10002.0;2
84800;;;BERRIES;SEASHELLS;3907.0;18
84800;;;BAGUETTE;SEASHELLS;12105.0;6
84900;;;BANANAS;SEASHELLS;4886.0;5
85100;;;PEARLS;SEASHELLS;9996.0;1
85300;;;DIVING_GEAR;SEASHELLS;99018.0;2
85500;;;DIP;SEASHELLS;7028.0;8
85500;;;DIVING_GEAR;SEASHELLS;99025.0;3
85500;;;BANANAS;SEASHELLS;4886.0;1
85900;;;BAGUETTE;SEASHELLS;12113.0;3
85900;;;PEARLS;SEASHELLS;10002.0;1
85900;;;PEARLS;SEASHELLS;9998.0;8
86000;;;BANANAS;SEASHELLS;4882.0;1
86000;;;BAGUETTE;SEASHELLS;12111.0;7
86100;;;BANANAS;SEASHELLS;4882.0;1
86100;;;PINA_COLADAS;SEASHELLS;14954.0;2
86100;;;BERRIES;SEASHELLS;3908.0;12
86200;;;BANANAS;SEASHELLS;4885.0;1
86200;;;BANANAS;SEASHELLS;4885.0;3
86500;;;UKULELE;SEASHELLS;20949.0;3
86600;;;DIP;SEASHELLS;7030.0;9
86600;;;BANANAS;SEASHELLS;4882.0;1
86600;;;PEARLS;SEASHELLS;10002.0;1
86700;;;DIP;SEASHELLS;7031.0;7
86700;;;BANANAS;SEASHELLS;4882.0;1
86900;;;PINA_COLADAS;SEASHELLS;14952.0;5
87000;;;PEARLS;SEASHELLS;9996.0;1
87000;;;BANANAS;SEASHELLS;4882.0;1
87100;;;DIVING_GEAR;SEASHELLS;99026.0;3
87100;;;BAGUETTE;SEASHELLS;12119.0;6
87200;;;COCONUTS;SEASHELLS;7969.0;18
87300;;;PEARLS;SEASHELLS;9996.0;5
87300;;;PEARLS;SEASHELLS;9996.0;2
87400;;;BANANAS;SEASHELLS;4883.0;1
87600;;;BANANAS;SEASHELLS;4889.0;1
87700;;;UKULELE;SEASHELLS;20949.0;2
87700;;;BANANAS;SEASHELLS;4885.0;5
87800;;;PEARLS;SEASHELLS;9998.0;1
87900;;;BANANAS;SEASHELLS;4889.0;1
88000;;;BAGUETTE;SEASHELLS;12112.0;5
88000;;;PEARLS;SEASHELLS;10002.0;1
88200;;;BANANAS;SEASHELLS;4886.0;1
88200;;;BANANAS;SEASHELLS;4886.0;1
88200;;;PEARLS;SEASHELLS;9998.0;1
88200;;;UKULELE;SEASHELLS;20959.0;9
88200;;;PEARLS;SEASHELLS;9998.0;2
88500;;;PEARLS;SEASHELLS;10005.0;1
88500;;;BANANAS;SEASHELLS;4890.0;1
88900;;;DIP;SEASHELLS;7027.0;9
89100;;;DIP;SEASHELLS;7029.0;8
89100;;;BANANAS;SEASHELLS;4885.0;1
89300;;;BANANAS;SEASHELLS;4885.0;4
89300;;;PICNIC_BASKET;SEASHELLS;73510.0;8
89400;;;DIP;SEASHELLS;7030.0;10
89500;;;BANANAS;SEASHELLS;4885.0;19
89600;;;BERRIES;SEASHELLS;3901.0;11
89700;;;DIP;SEASHELLS;7030.0;5
89800;;;BANANAS;SEASHELLS;4890.0;1
89900;;;BANANAS;SEASHELLS;4892.0;1
89900;;;PEARLS;SEASHELLS;10004.0;1
90100;;;BAGUETTE;SEASHELLS;12111.0;3
90100;;;PEARLS;SEASHELLS;9998.0;1
90200;;;BANANAS;SEASHELLS;4892.0;1
90200;;;PEARLS;SEASHELLS;10004.0;1
90300;;;BANANAS;SEASHELLS;4893.0;2
90300;;;PEARLS;SEASHELLS;10005.0;2
90500;;;PINA_COLADAS;SEASHELLS;14945.0;3
90500;;;PEARLS;SEASHELLS;10004.0;1
90500;;;BANANAS;SEASHELLS;4893.0;1
90600;;;BANANAS;SEASHELLS;4887.0;2
90600;;;BANANAS;SEASHELLS;4886.0;15
90700;;;PEARLS;SEASHELLS;10005.0;1
90700;;;BANANAS;SEASHELLS;4893.0;1
91000;;;PEARLS;SEASHELLS;10002.0;1
91100;;;UKULELE;SEASHELLS;20966.0;3
91100;;;DIVING_GEAR;SEASHELLS;99059.0;1
91200;;;BAGUETTE;SEASHELLS;12117.0;7
91500;;;BAGUETTE;SEASHELLS;12119.0;9
91600;;;BANANAS;SEASHELLS;4886.0;1
91600;;;UKULELE;SEASHELLS;20972.0;2
91700;;;COCONUTS;SEASHELLS;7962.0;40
91700;;;COCONUTS;SEASHELLS;7962.0;39
91800;;;BANANAS;SEASHELLS;4886.0;1
91900;;;PINA_COLADAS;SEASHELLS;14943.0;29
92000;;;DIP;SEASHELLS;7027.0;10
92100;;;DIVING_GEAR;SEASHELLS;99085.0;3
92100;;;PICNIC_BASKET;SEASHELLS;73540.0;1
92100;;;PICNIC_BASKET;SEASHELLS;73541.0;2
92200;;;PEARLS;SEASHELLS;10002.0;3
92300;;;BANANAS;SEASHELLS;4885.0;1
92300;;;PEARLS;SEASHELLS;10004.0;1
92300;;;BANANAS;SEASHELLS;4891.0;1
92400;;;BANANAS;SEASHELLS;4889.0;2
92400;;;PEARLS;SEASHELLS;10002.0;2
92400;;;BERRIES;SEASHELLS;3902.0;4
92500;;;PICNIC_BASKET;SEASHELLS;73566.0;2
92500;;;UKULELE;SEASHELLS;20968.0;1
92700;;;BAGUETTE;SEASHELLS;12113.0;8
92800;;;UKULELE;SEASHELLS;20964.0;6
92800;;;PICNIC_BASKET;SEASHELLS;73560.0;3
92800;;;PICNIC_BASKET;SEASHELLS;73560.0;1
93100;;;BAGUETTE;SEASHELLS;12107.0;3
93100;;;PEARLS;SEASHELLS;10002.0;1
93500;;;BAGUETTE;SEASHELLS;12111.0;5
93500;;;BERRIES;SEASHELLS;3898.0;5
93600;;;BANANAS;SEASHELLS;4887.0;1
93600;;;DIP;SEASHELLS;7026.0;7
93600;;;PEARLS;SEASHELLS;9998.0;1
93700;;;DIP;SEASHELLS;7027.0;9
93800;;;DIP;SEASHELLS;7030.0;8
93900;;;DIVING_GEAR;SEASHELLS;99079.0;1
94400;;;COCONUTS;SEASHELLS;7965.0;21
94500;;;BERRIES;SEASHELLS;3897.0;3
94600;;;BAGUETTE;SEASHELLS;12111.0;5
94700;;;BANANAS;SEASHELLS;4885.0;1
94700;;;BAGUETTE;SEASHELLS;12110.0;6
94800;;;PEARLS;SEASHELLS;9996.0;1
94800;;;BANANAS;SEASHELLS;4880.0;2
94800;;;PEARLS;SEASHELLS;9996.0;1
95100;;;BANANAS;SEASHELLS;4885.0;1
95100;;;DIP;SEASHELLS;7031.0;7
95200;;;BAGUETTE;SEASHELLS;12114.0;5
95300;;;BANANAS;SEASHELLS;4886.0;1
95400;;;UKULELE;SEASHELLS;20958.0;3
95600;;;PEARLS;SEASHELLS;9998.0;1
95700;;;BERRIES;SEASHELLS;3897.0;3
95700;;;PEARLS;SEASHELLS;10002.0;7
95800;;;BANANAS;SEASHELLS;4880.0;1
95800;;;PEARLS;SEASHELLS;9998.0;1
95900;;;UKULELE;SEASHELLS;20953.0;4
95900;;;BANANAS;SEASHELLS;4887.0;12
95900;;;BANANAS;SEASHELLS;4885.0;1
96000;;;BANANAS;SEASHELLS;4885.0;1
96000;;;DIP;SEASHELLS;7033.0;5
96100;;;PEARLS;SEASHELLS;10002.0;2
96100;;;BANANAS;SEASHELLS;4880.0;1
96100;;;BANANAS;SEASHELLS;4885.0;2
96200;;;DIP;SEASHELLS;7031.0;5
96300;;;BANANAS;SEASHELLS;4886.0;2
96600;;;BANANAS;SEASHELLS;4879.0;1
96800;;;COCONUTS;SEASHELLS;7973.0;45
97000;;;BANANAS;SEASHELLS;4880.0;10
97100;;;COCONUTS;SEASHELLS;7977.0;7
97100;;;DIP;SEASHELLS;7031.0;7
97200;;;BANANAS;SEASHELLS;4883.0;9
97800;;;PICNIC_BASKET;SEASHELLS;73629.0;2
97900;;;PEARLS;SEASHELLS;10002.0;3
98000;;;PEARLS;SEASHELLS;10004.0;2
98000;;;UKULELE;SEASHELLS;20950.0;3
98000;;;PEARLS;SEASHELLS;10004.0;3
98100;;;PEARLS;SEASHELLS;9998.0;1
98100;;;DIVING_GEAR;SEASHELLS;99070.0;1
98100;;;BERRIES;SEASHELLS;3894.0;6
98100;;;BANANAS;SEASHELLS;4879.0;1
98200;;;PICNIC_BASKET;SEASHELLS;73598.0;10
98400;;;DIVING_GEAR;SEASHELLS;99095.0;1
98400;;;BAGUETTE;SEASHELLS;12145.0;6
98500;;;BAGUETTE;SEASHELLS;12140.0;9
98500;;;PEARLS;SEASHELLS;9998.0;1
98600;;;PEARLS;SEASHELLS;10005.0;9
98800;;;BERRIES;SEASHELLS;3902.0;1
98900;;;PEARLS;SEASHELLS;10005.0;2
98900;;;DIP;SEASHELLS;7035.0;7
98900;;;PEARLS;SEASHELLS;10004.0;1
99100;;;PINA_COLADAS;SEASHELLS;14966.0;6
99200;;;PEARLS;SEASHELLS;9995.0;2
99200;;;BANANAS;SEASHELLS;4879.0;2
99200;;;DIP;SEASHELLS;7038.0;6
99300;;;PEARLS;SEASHELLS;9998.0;1
99300;;;BANANAS;SEASHELLS;4884.0;1
99500;;;PEARLS;SEASHELLS;9998.0;3
99500;;;UKULELE;SEASHELLS;20954.0;4
99500;;;BANANAS;SEASHELLS;4886.0;14
99600;;;UKULELE;SEASHELLS;20956.0;7
99600;;;BANANAS;SEASHELLS;4881.0;1
99600;;;BERRIES;SEASHELLS;3901.0;4
99700;;;BANANAS;SEASHELLS;4881.0;2
99700;;;PEARLS;SEASHELLS;9995.0;2
99900;;;BAGUETTE;SEASHELLS;12141.0;3
99900;;;BANANAS;SEASHELLS;4879.0;1
99900;;;DIVING_GEAR;SEASHELLS;99109.0;1
100200;;;PINA_COLADAS;SEASHELLS;14961.0;11
100300;;;BAGUETTE;SEASHELLS;12146.0;6
100400;;;UKULELE;SEASHELLS;20956.0;5
100400;;;DIVING_GEAR;SEASHELLS;99097.0;1
100400;;;PEARLS;SEASHELLS;10002.0;1
100500;;;BERRIES;SEASHELLS;3894.0;12
100600;;;PEARLS;SEASHELLS;10002.0;1
100700;;;PEARLS;SEASHELLS;9998.0;1
100700;;;PEARLS;SEASHELLS;9998.0;1
100700;;;PEARLS;SEASHELLS;9998.0;6
101300;;;DIP;SEASHELLS;7045.0;5
101400;;;BANANAS;SEASHELLS;4886.0;1
101400;;;UKULELE;SEASHELLS;20975.0;4
101400;;;BERRIES;SEASHELLS;3892.0;1
101400;;;PICNIC_BASKET;SEASHELLS;73650.0;2
101500;;;UKULELE;SEASHELLS;20975.0;3
101500;;;PICNIC_BASKET;SEASHELLS;73651.0;1
101500;;;BANANAS;SEASHELLS;4886.0;1
101600;;;PICNIC_BASKET;SEASHELLS;73653.0;8
101700;;;UKULELE;SEASHELLS;20979.0;3
101900;;;DIP;SEASHELLS;7044.0;4
101900;;;BANANAS;SEASHELLS;4886.0;1
101900;;;UKULELE;SEASHELLS;20976.0;2
102000;;;UKULELE;SEASHELLS;20974.0;5
102000;;;BAGUETTE;SEASHELLS;12136.0;4
102100;;;PICNIC_BASKET;SEASHELLS;73618.0;7
102200;;;BANANAS;SEASHELLS;4880.0;6
102400;;;BAGUETTE;SEASHELLS;12130.0;8
102400;;;UKULELE;SEASHELLS;20966.0;4
102400;;;COCONUTS;SEASHELLS;7984.0;8
102500;;;DIVING_GEAR;SEASHELLS;99060.0;3
102500;;;BERRIES;SEASHELLS;3893.0;7
102500;;;PEARLS;SEASHELLS;9998.0;1
102500;;;BANANAS;SEASHELLS;4885.0;2
102700;;;PEARLS;SEASHELLS;9998.0;1
102800;;;BANANAS;SEASHELLS;4882.0;5
102900;;;PEARLS;SEASHELLS;9995.0;6
103200;;;DIP;SEASHELLS;7043.0;7
103300;;;COCONUTS;SEASHELLS;7984.0;68
103300;;;DIVING_GEAR;SEASHELLS;99081.0;2
103400;;;BANANAS;SEASHELLS;4880.0;1
103600;;;PEARLS;SEASHELLS;10002.0;2
103700;;;PEARLS;SEASHELLS;10004.0;1
104000;;;UKULELE;SEASHELLS;20984.0;2
104000;;;PICNIC_BASKET;SEASHELLS;73592.0;2
104300;;;PICNIC_BASKET;SEASHELLS;73569.0;8
104400;;;BANANAS;SEASHELLS;4888.0;2
104400;;;PEARLS;SEASHELLS;10005.0;2
104400;;;PEARLS;SEASHELLS;10002.0;1
104500;;;PEARLS;SEASHELLS;9996.0;2
104500;;;DIP;SEASHELLS;7040.0;7
104500;;;BANANAS;SEASHELLS;4881.0;2
104600;;;UKULELE;SEASHELLS;20992.0;11
104600;;;PEARLS;SEASHELLS;9996.0;6
104600;;;PEARLS;SEASHELLS;9996.0;2
104700;;;DIP;SEASHELLS;7041.0;11
104800;;;BANANAS;SEASHELLS;4886.0;1
104800;;;BERRIES;SEASHELLS;3903.0;1
104900;;;BANANAS;SEASHELLS;4888.0;1
105200;;;PEARLS;SEASHELLS;10002.0;1
105300;;;PEARLS;SEASHELLS;9998.0;1
105400;;;BAGUETTE;SEASHELLS;12144.0;4
105400;;;BERRIES;SEASHELLS;3905.0;4
105600;;;DIP;SEASHELLS;7043.0;8
105700;;;BAGUETTE;SEASHELLS;12148.0;6
105800;;;PINA_COLADAS;SEASHELLS;14977.0;22
105800;;;BANANAS;SEASHELLS;4884.0;2
105800;;;PEARLS;SEASHELLS;9995.0;2
105900;;;BANANAS;SEASHELLS;4890.0;1
106300;;;BANANAS;SEASHELLS;4886.0;3
106300;;;PEARLS;SEASHELLS;10002.0;5
106400;;;DIP;SEASHELLS;7044.0;8
106500;;;BANANAS;SEASHELLS;4889.0;1
106600;;;BERRIES;SEASHELLS;3907.0;9
106800;;;PEARLS;SEASHELLS;10002.0;1
106800;;;DIP;SEASHELLS;7043.0;6
106900;;;BERRIES;SEASHELLS;3908.0;4
107200;;;DIP;SEASHELLS;7042.0;7
107300;;;UKULELE;SEASHELLS;20995.0;3
107300;;;PICNIC_BASKET;SEASHELLS;73622.0;2
107400;;;BAGUETTE;SEASHELLS;12156.0;5
107500;;;COCONUTS;SEASHELLS;7982.0;6
107500;;;PEARLS;SEASHELLS;10002.0;3
107500;;;UKULELE;SEASHELLS;20995.0;5
107800;;;DIVING_GEAR;SEASHELLS;99026.0;1
107900;;;BERRIES;SEASHELLS;3900.0;12
108000;;;DIP;SEASHELLS;7039.0;10
108400;;;PEARLS;SEASHELLS;9998.0;5
108400;;;BANANAS;SEASHELLS;4885.0;6
108400;;;DIP;SEASHELLS;7039.0;8
108500;;;COCONUTS;SEASHELLS;7981.0;5
108500;;;UKULELE;SEASHELLS;20980.0;3
108600;;;PEARLS;SEASHELLS;9998.0;4
108600;;;DIP;SEASHELLS;7038.0;3
108700;;;DIP;SEASHELLS;7041.0;7
108800;;;DIVING_GEAR;SEASHELLS;99041.0;2
108900;;;PEARLS;SEASHELLS;9998.0;1
109000;;;PEARLS;SEASHELLS;9998.0;1
109100;;;DIVING_GEAR;SEASHELLS;99051.0;3
109200;;;PINA_COLADAS;SEASHELLS;14978.0;3
109300;;;BAGUETTE;SEASHELLS;12148.0;7
109400;;;PEARLS;SEASHELLS;10002.0;7
109400;;;BANANAS;SEASHELLS;4882.0;1
109500;;;BANANAS;SEASHELLS;4881.0;1
109500;;;DIP;SEASHELLS;7040.0;6
109500;;;PEARLS;SEASHELLS;9995.0;10
109500;;;UKULELE;SEASHELLS;20983.0;2
109700;;;DIP;SEASHELLS;7038.0;4
109900;;;UKULELE;SEASHELLS;20979.0;4
110000;;;PICNIC_BASKET;SEASHELLS;73644.0;6
110000;;;PICNIC_BASKET;SEASHELLS;73644.0;1
110100;;;BANANAS;SEASHELLS;4885.0;10
110400;;;UKULELE;SEASHELLS;20970.0;3
110500;;;BERRIES;SEASHELLS;3900.0;7
110600;;;PEARLS;SEASHELLS;10002.0;1
110700;;;PEARLS;SEASHELLS;10002.0;1
110800;;;BANANAS;SEASHELLS;4886.0;1
110900;;;BANANAS;SEASHELLS;4887.0;1
110900;;;PEARLS;SEASHELLS;10004.0;1
110900;;;BANANAS;SEASHELLS;4889.0;2
110900;;;PEARLS;SEASHELLS;10004.0;1
111000;;;BERRIES;SEASHELLS;3891.0;13
111100;;;BANANAS;SEASHELLS;4888.0;1
111100;;;BANANAS;SEASHELLS;4888.0;1
111100;;;PEARLS;SEASHELLS;10004.0;1
111100;;;PEARLS;SEASHELLS;10004.0;1
111200;;;PEARLS;SEASHELLS;10002.0;6
111400;;;BAGUETTE;SEASHELLS;12148.0;3
111400;;;DIP;SEASHELLS;7034.0;8
111400;;;BAGUETTE;SEASHELLS;12148.0;5
111500;;;BANANAS;SEASHELLS;4882.0;1
111500;;;UKULELE;SEASHELLS;20966.0;2
111600;;;BANANAS;SEASHELLS;4882.0;1
111900;;;PEARLS;SEASHELLS;10002.0;3
112000;;;PEARLS;SEASHELLS;10004.0;1
112000;;;BANANAS;SEASHELLS;4888.0;1
112200;;;UKULELE;SEASHELLS;20972.0;2
112300;;;BAGUETTE;SEASHELLS;12135.0;4
112400;;;PEARLS;SEASHELLS;9995.0;6
112500;;;DIP;SEASHELLS;7038.0;10
112900;;;UKULELE;SEASHELLS;20965.0;2
113400;;;DIP;SEASHELLS;7038.0;9
113500;;;PEARLS;SEASHELLS;9998.0;1
113700;;;BANANAS;SEASHELLS;4884.0;1
113700;;;PEARLS;SEASHELLS;10002.0;1
113900;;;BANANAS;SEASHELLS;4885.0;1
114000;;;BANANAS;SEASHELLS;4880.0;5
114000;;;BANANAS;SEASHELLS;4880.0;4
114000;;;BANANAS;SEASHELLS;4880.0;1
114100;;;PEARLS;SEASHELLS;10002.0;4
114300;;;DIVING_GEAR;SEASHELLS;98980.0;1
114300;;;PEARLS;SEASHELLS;10002.0;6
114400;;;UKULELE;SEASHELLS;20953.0;3
114400;;;BANANAS;SEASHELLS;4880.0;4
114600;;;PICNIC_BASKET;SEASHELLS;73681.0;9
114700;;;DIVING_GEAR;SEASHELLS;98994.0;3
114700;;;UKULELE;SEASHELLS;20952.0;1
114700;;;BAGUETTE;SEASHELLS;12146.0;9
114800;;;PINA_COLADAS;SEASHELLS;14962.0;8
114800;;;PEARLS;SEASHELLS;9998.0;1
114900;;;DIP;SEASHELLS;7046.0;9
114900;;;PICNIC_BASKET;SEASHELLS;73671.0;1
115000;;;BANANAS;SEASHELLS;4887.0;11
115000;;;PEARLS;SEASHELLS;10004.0;1
115000;;;DIVING_GEAR;SEASHELLS;98988.0;1
115100;;;PICNIC_BASKET;SEASHELLS;73669.0;3
115100;;;PICNIC_BASKET;SEASHELLS;73675.0;3
115400;;;PICNIC_BASKET;SEASHELLS;73657.0;1
115400;;;DIVING_GEAR;SEASHELLS;98971.0;3
115400;;;BANANAS;SEASHELLS;4885.0;1
115500;;;BANANAS;SEASHELLS;4881.0;1
115500;;;DIP;SEASHELLS;7050.0;3
115900;;;BANANAS;SEASHELLS;4888.0;2
115900;;;BANANAS;SEASHELLS;4886.0;3
115900;;;PEARLS;SEASHELLS;10000.0;2
116200;;;BANANAS;SEASHELLS;4881.0;18
116300;;;DIVING_GEAR;SEASHELLS;98936.0;2
116600;;;COCONUTS;SEASHELLS;7969.0;49
116600;;;UKULELE;SEASHELLS;20950.0;3
116800;;;PEARLS;SEASHELLS;10002.0;1
116800;;;UKULELE;SEASHELLS;20949.0;4
117000;;;DIP;SEASHELLS;7057.0;4
117100;;;PEARLS;SEASHELLS;9998.0;3
117100;;;PEARLS;SEASHELLS;9998.0;1
117400;;;PEARLS;SEASHELLS;9996.0;7
117400;;;PEARLS;SEASHELLS;9996.0;1
117500;;;BANANAS;SEASHELLS;4882.0;1
117500;;;DIP;SEASHELLS;7059.0;7
117900;;;BANANAS;SEASHELLS;4882.0;16
118300;;;BANANAS;SEASHELLS;4885.0;1
118300;;;PEARLS;SEASHELLS;9995.0;1
118500;;;BAGUETTE;SEASHELLS;12143.0;8
118500;;;COCONUTS;SEASHELLS;7963.0;21
118700;;;PEARLS;SEASHELLS;10002.0;1
119100;;;BANANAS;SEASHELLS;4880.0;4
119200;;;UKULELE;SEASHELLS;20962.0;5
119400;;;PEARLS;SEASHELLS;10002.0;1
119500;;;BAGUETTE;SEASHELLS;12129.0;5
119600;;;PEARLS;SEASHELLS;10004.0;1
119600;;;PEARLS;SEASHELLS;10004.0;1
119600;;;BANANAS;SEASHELLS;4886.0;2
120000;;;PEARLS;SEASHELLS;9998.0;1
120000;;;BANANAS;SEASHELLS;4879.0;1
120100;;;DIP;SEASHELLS;7059.0;9
120300;;;PEARLS;SEASHELLS;9998.0;1
120500;;;PICNIC_BASKET;SEASHELLS;73717.0;1
120600;;;DIP;SEASHELLS;7060.0;9
120600;;;BANANAS;SEASHELLS;4877.0;1
120700;;;PEARLS;SEASHELLS;9998.0;1
120800;;;BANANAS;SEASHELLS;4877.0;1
120800;;;PEARLS;SEASHELLS;10002.0;5
120900;;;PEARLS;SEASHELLS;9998.0;1
121000;;;PEARLS;SEASHELLS;9998.0;2
121000;;;PEARLS;SEASHELLS;9998.0;6
121000;;;BERRIES;SEASHELLS;3898.0;12
121000;;;PICNIC_BASKET;SEASHELLS;73713.0;6
121300;;;PICNIC_BASKET;SEASHELLS;73709.0;3
121300;;;PICNIC_BASKET;SEASHELLS;73710.0;2
121300;;;PEARLS;SEASHELLS;9998.0;1
121500;;;COCONUTS;SEASHELLS;7957.0;21
121500;;;BERRIES;SEASHELLS;3889.0;10
121800;;;DIP;SEASHELLS;7064.0;5
121800;;;UKULELE;SEASHELLS;20958.0;1
121900;;;PICNIC_BASKET;SEASHELLS;73732.0;2
121900;;;BAGUETTE;SEASHELLS;12119.0;7
122200;;;PEARLS;SEASHELLS;9998.0;1
122200;;;BAGUETTE;SEASHELLS;12114.0;8
122200;;;BANANAS;SEASHELLS;4878.0;1
122200;;;BANANAS;SEASHELLS;4877.0;15
122500;;;BANANAS;SEASHELLS;4882.0;4
122600;;;BANANAS;SEASHELLS;4877.0;1
122800;;;DIP;SEASHELLS;7057.0;5
123100;;;DIVING_GEAR;SEASHELLS;98940.0;3
123200;;;BANANAS;SEASHELLS;4881.0;1
123400;;;UKULELE;SEASHELLS;20964.0;1
123500;;;PEARLS;SEASHELLS;10002.0;5
123500;;;BANANAS;SEASHELLS;4875.0;1
123500;;;BANANAS;SEASHELLS;4874.0;7
123600;;;PEARLS;SEASHELLS;9995.0;2
123600;;;BANANAS;SEASHELLS;4875.0;2
123700;;;BANANAS;SEASHELLS;4880.0;1
123700;;;PEARLS;SEASHELLS;10002.0;1
123900;;;BERRIES;SEASHELLS;3895.0;20
124000;;;PEARLS;SEASHELLS;10002.0;1
124000;;;DIP;SEASHELLS;7060.0;4
124000;;;BAGUETTE;SEASHELLS;12128.0;5
124000;;;BANANAS;SEASHELLS;4880.0;1
124300;;;PEARLS;SEASHELLS;9998.0;1
124300;;;BANANAS;SEASHELLS;4876.0;1
124400;;;PICNIC_BASKET;SEASHELLS;73748.0;7
124400;;;PICNIC_BASKET;SEASHELLS;73748.0;1
124500;;;PEARLS;SEASHELLS;9998.0;1
124700;;;BERRIES;SEASHELLS;3893.0;4
124900;;;PEARLS;SEASHELLS;10002.0;2
125500;;;BANANAS;SEASHELLS;4874.0;1
126100;;;PINA_COLADAS;SEASHELLS;14925.0;5
126300;;;DIVING_GEAR;SEASHELLS;99019.0;3
126400;;;DIVING_GEAR;SEASHELLS;99021.0;1
126500;;;BERRIES;SEASHELLS;3886.0;7
126500;;;BANANAS;SEASHELLS;4878.0;1
126500;;;DIVING_GEAR;SEASHELLS;99020.0;2
126500;;;DIP;SEASHELLS;7066.0;7
126600;;;DIVING_GEAR;SEASHELLS;99025.0;1
126700;;;BANANAS;SEASHELLS;4878.0;1
126800;;;BERRIES;SEASHELLS;3893.0;11
126800;;;DIP;SEASHELLS;7069.0;7
126800;;;UKULELE;SEASHELLS;20956.0;4
127000;;;BANANAS;SEASHELLS;4874.0;1
127100;;;COCONUTS;SEASHELLS;7955.0;6
127400;;;PEARLS;SEASHELLS;9998.0;0
127400;;;PEARLS;SEASHELLS;9998.0;1
127400;;;PEARLS;SEASHELLS;9998.0;5
127400;;;PEARLS;SEASHELLS;9998.0;1
127500;;;BAGUETTE;SEASHELLS;12117.0;5
127500;;;DIVING_GEAR;SEASHELLS;99018.0;3
127600;;;BANANAS;SEASHELLS;4874.0;1
127600;;;PEARLS;SEASHELLS;10002.0;1
128000;;;PEARLS;SEASHELLS;10002.0;4
128400;;;UKULELE;SEASHELLS;20955.0;3
128500;;;COCONUTS;SEASHELLS;7951.0;8
128700;;;BERRIES;SEASHELLS;3892.0;4
128700;;;BAGUETTE;SEASHELLS;12105.0;5
128800;;;BAGUETTE;SEASHELLS;12108.0;5
128800;;;BANANAS;SEASHELLS;4873.0;1
129000;;;BANANAS;SEASHELLS;4873.0;1
129100;;;DIP;SEASHELLS;7060.0;11
129400;;;UKULELE;SEASHELLS;20950.0;8
129600;;;PEARLS;SEASHELLS;10002.0;1
129700;;;BANANAS;SEASHELLS;4878.0;2
129700;;;PEARLS;SEASHELLS;10005.0;2
129800;;;BANANAS;SEASHELLS;4876.0;5
129900;;;BANANAS;SEASHELLS;4872.0;1
130000;;;PEARLS;SEASHELLS;9998.0;1
130000;;;BAGUETTE;SEASHELLS;12100.0;3
130100;;;DIVING_GEAR;SEASHELLS;99036.0;3
130200;;;UKULELE;SEASHELLS;20955.0;5
130200;;;DIVING_GEAR;SEASHELLS;99030.0;1
130300;;;PEARLS;SEASHELLS;9998.0;1
130300;;;DIP;SEASHELLS;7061.0;5
130300;;;BANANAS;SEASHELLS;4875.0;1
130400;;;DIVING_GEAR;SEASHELLS;99021.0;3
130500;;;PEARLS;SEASHELLS;9998.0;1
130600;;;BERRIES;SEASHELLS;3894.0;8
130600;;;PEARLS;SEASHELLS;10002.0;1
130700;;;BANANAS;SEASHELLS;4870.0;12
130700;;;BAGUETTE;SEASHELLS;12099.0;4
130700;;;DIVING_GEAR;SEASHELLS;99024.0;3
130800;;;BERRIES;SEASHELLS;3894.0;10
130900;;;BAGUETTE;SEASHELLS;12101.0;6
131000;;;DIVING_GEAR;SEASHELLS;99018.0;3
131000;;;BANANAS;SEASHELLS;4874.0;1
131100;;;BAGUETTE;SEASHELLS;12098.0;7
131100;;;BANANAS;SEASHELLS;4870.0;1
131100;;;UKULELE;SEASHELLS;20957.0;3
131200;;;DIVING_GEAR;SEASHELLS;99022.0;1
131300;;;BANANAS;SEASHELLS;4874.0;2
131300;;;BAGUETTE;SEASHELLS;12096.0;8
131400;;;UKULELE;SEASHELLS;20953.0;2
131700;;;DIP;SEASHELLS;7066.0;9
131800;;;PEARLS;SEASHELLS;9996.0;1
132100;;;BANANAS;SEASHELLS;4875.0;5
132100;;;BANANAS;SEASHELLS;4876.0;1
132100;;;PEARLS;SEASHELLS;10002.0;1
132100;;;BAGUETTE;SEASHELLS;12099.0;5
132200;;;PEARLS;SEASHELLS;10004.0;2
132200;;;BANANAS;SEASHELLS;4871.0;1
132200;;;PEARLS;SEASHELLS;10004.0;6
132300;;;COCONUTS;SEASHELLS;7953.0;47
132400;;;BANANAS;SEASHELLS;4871.0;15
132500;;;DIVING_GEAR;SEASHELLS;99017.0;1
132500;;;BAGUETTE;SEASHELLS;12103.0;4
132500;;;PEARLS;SEASHELLS;10002.0;1
132500;;;BANANAS;SEASHELLS;4871.0;1
132600;;;UKULELE;SEASHELLS;20950.0;2
132600;;;PEARLS;SEASHELLS;9998.0;1
133300;;;BANANAS;SEASHELLS;4875.0;2
133500;;;BANANAS;SEASHELLS;4876.0;8
133600;;;DIP;SEASHELLS;7062.0;4
133700;;;UKULELE;SEASHELLS;20971.0;4
133700;;;DIP;SEASHELLS;7062.0;9
133800;;;DIVING_GEAR;SEASHELLS;99030.0;3
133800;;;BANANAS;SEASHELLS;4870.0;19
134000;;;PEARLS;SEASHELLS;9996.0;3
134000;;;BANANAS;SEASHELLS;4871.0;1
134000;;;PEARLS;SEASHELLS;9996.0;2
134100;;;DIP;SEASHELLS;7060.0;7
134100;;;DIVING_GEAR;SEASHELLS;99018.0;3
134200;;;BANANAS;SEASHELLS;4877.0;1
134200;;;PEARLS;SEASHELLS;9998.0;1
134300;;;DIP;SEASHELLS;7059.0;4
134400;;;BANANAS;SEASHELLS;4876.0;1
134400;;;PEARLS;SEASHELLS;10004.0;1
134400;;;DIP;SEASHELLS;7060.0;8
134400;;;PEARLS;SEASHELLS;10004.0;1
134400;;;BANANAS;SEASHELLS;4877.0;2
134500;;;DIP;SEASHELLS;7060.0;11
134600;;;BERRIES;SEASHELLS;3891.0;2
134900;;;PINA_COLADAS;SEASHELLS;14914.0;2
135000;;;BAGUETTE;SEASHELLS;12099.0;7
135200;;;PEARLS;SEASHELLS;10002.0;1
135200;;;BANANAS;SEASHELLS;4875.0;1
135200;;;DIP;SEASHELLS;7060.0;10
135400;;;DIP;SEASHELLS;7061.0;5
135600;;;BERRIES;SEASHELLS;3887.0;6
135700;;;PEARLS;SEASHELLS;9995.0;2
135700;;;DIVING_GEAR;SEASHELLS;99010.0;3
135800;;;UKULELE;SEASHELLS;20987.0;5
136000;;;BAGUETTE;SEASHELLS;12099.0;6
136000;;;COCONUTS;SEASHELLS;7947.0;9
136200;;;UKULELE;SEASHELLS;20989.0;5
136200;;;DIP;SEASHELLS;7060.0;6
136500;;;BANANAS;SEASHELLS;4871.0;2
136600;;;BANANAS;SEASHELLS;4869.0;1
136700;;;BAGUETTE;SEASHELLS;12098.0;6
136900;;;PEARLS;SEASHELLS;10002.0;2
136900;;;UKULELE;SEASHELLS;20985.0;2
136900;;;PINA_COLADAS;SEASHELLS;14907.0;3
136900;;;BANANAS;SEASHELLS;4872.0;2
136900;;;BANANAS;SEASHELLS;4868.0;1
137200;;;PEARLS;SEASHELLS;10002.0;1
137200;;;BANANAS;SEASHELLS;4868.0;1
137300;;;BAGUETTE;SEASHELLS;12091.0;8
137400;;;DIP;SEASHELLS;7064.0;6
137500;;;BANANAS;SEASHELLS;4874.0;2
137500;;;PINA_COLADAS;SEASHELLS;14899.0;8
137500;;;PEARLS;SEASHELLS;10002.0;2
137500;;;BANANAS;SEASHELLS;4873.0;7
137600;;;UKULELE;SEASHELLS;21000.0;5
137800;;;PEARLS;SEASHELLS;10002.0;4
137800;;;PEARLS;SEASHELLS;10002.0;1
138000;;;PEARLS;SEASHELLS;9998.0;1
138000;;;DIVING_GEAR;SEASHELLS;98962.0;1
138100;;;BANANAS;SEASHELLS;4868.0;10
138200;;;PEARLS;SEASHELLS;10004.0;2
138200;;;PEARLS;SEASHELLS;10004.0;2
138200;;;BANANAS;SEASHELLS;4867.0;2
138200;;;PEARLS;SEASHELLS;10004.0;6
138300;;;PEARLS;SEASHELLS;9995.0;2
138300;;;BANANAS;SEASHELLS;4868.0;2
138500;;;BANANAS;SEASHELLS;4867.0;5
138600;;;DIP;SEASHELLS;7066.0;6
139200;;;BANANAS;SEASHELLS;4873.0;1
139200;;;PEARLS;SEASHELLS;10002.0;1
139300;;;DIP;SEASHELLS;7064.0;8
139300;;;BAGUETTE;SEASHELLS;12073.0;8
139400;;;PEARLS;SEASHELLS;10004.0;1
139400;;;UKULELE;SEASHELLS;21028.0;5
139500;;;BANANAS;SEASHELLS;4870.0;1
139800;;;PEARLS;SEASHELLS;9998.0;1
139900;;;BAGUETTE;SEASHELLS;12071.0;9
139900;;;PICNIC_BASKET;SEASHELLS;73623.0;2
140300;;;BANANAS;SEASHELLS;4877.0;16
140700;;;DIVING_GEAR;SEASHELLS;98993.0;1
140700;;;DIP;SEASHELLS;7070.0;8
140800;;;BANANAS;SEASHELLS;4872.0;1
141000;;;BANANAS;SEASHELLS;4872.0;12
141300;;;BANANAS;SEASHELLS;4878.0;1
141300;;;PEARLS;SEASHELLS;10004.0;1
141500;;;UKULELE;SEASHELLS;21024.0;3
141800;;;UKULELE;SEASHELLS;21021.0;5
141800;;;PEARLS;SEASHELLS;9998.0;1
141900;;;PEARLS;SEASHELLS;10002.0;10
142400;;;BANANAS;SEASHELLS;4871.0;1
142500;;;COCONUTS;SEASHELLS;7938.0;10
142600;;;BAGUETTE;SEASHELLS;12035.0;5
142600;;;BANANAS;SEASHELLS;4871.0;1
142800;;;UKULELE;SEASHELLS;21006.0;3
142800;;;BANANAS;SEASHELLS;4876.0;1
142800;;;PEARLS;SEASHELLS;9998.0;5
142900;;;UKULELE;SEASHELLS;21004.0;5
142900;;;DIP;SEASHELLS;7063.0;4
143200;;;PEARLS;SEASHELLS;10005.0;2
143200;;;BANANAS;SEASHELLS;4877.0;2
143300;;;PEARLS;SEASHELLS;10005.0;12
143300;;;BANANAS;SEASHELLS;4877.0;10
143400;;;BANANAS;SEASHELLS;4875.0;2
143500;;;BERRIES;SEASHELLS;3900.0;11
143500;;;COCONUTS;SEASHELLS;7937.0;9
143500;;;PEARLS;SEASHELLS;9998.0;5
143600;;;UKULELE;SEASHELLS;21005.0;4
143800;;;DIP;SEASHELLS;7066.0;8
143800;;;BANANAS;SEASHELLS;4871.0;2
143800;;;PEARLS;SEASHELLS;9998.0;2
144000;;;UKULELE;SEASHELLS;21014.0;2
144200;;;UKULELE;SEASHELLS;21015.0;5
144200;;;BAGUETTE;SEASHELLS;12035.0;5
144300;;;BANANAS;SEASHELLS;4876.0;1
144300;;;PEARLS;SEASHELLS;9995.0;1
144600;;;UKULELE;SEASHELLS;21021.0;4
144600;;;BANANAS;SEASHELLS;4871.0;5
144700;;;DIVING_GEAR;SEASHELLS;98977.0;1
145200;;;BANANAS;SEASHELLS;4875.0;1
145300;;;PEARLS;SEASHELLS;10002.0;1
145400;;;BERRIES;SEASHELLS;3895.0;13
145400;;;PICNIC_BASKET;SEASHELLS;73657.0;2
145800;;;UKULELE;SEASHELLS;21023.0;2
145900;;;DIP;SEASHELLS;7069.0;10
145900;;;BERRIES;SEASHELLS;3902.0;10
146100;;;UKULELE;SEASHELLS;21022.0;4
146100;;;DIVING_GEAR;SEASHELLS;98998.0;3
146200;;;PEARLS;SEASHELLS;10004.0;2
146200;;;BANANAS;SEASHELLS;4876.0;2
146500;;;BANANAS;SEASHELLS;4869.0;1
146500;;;BANANAS;SEASHELLS;4875.0;2
146500;;;BAGUETTE;SEASHELLS;12022.0;5
146600;;;PEARLS;SEASHELLS;9998.0;1
146700;;;BAGUETTE;SEASHELLS;12020.0;3
146700;;;DIVING_GEAR;SEASHELLS;98993.0;3
146800;;;PEARLS;SEASHELLS;9998.0;6
146900;;;BERRIES;SEASHELLS;3896.0;16
147000;;;PICNIC_BASKET;SEASHELLS;73627.0;2
147300;;;PEARLS;SEASHELLS;9998.0;1
147300;;;BANANAS;SEASHELLS;4869.0;14
147300;;;BANANAS;SEASHELLS;4869.0;2
147400;;;BERRIES;SEASHELLS;3905.0;4
147500;;;COCONUTS;SEASHELLS;7927.0;8
147500;;;PEARLS;SEASHELLS;9998.0;9
147800;;;BANANAS;SEASHELLS;4872.0;1
148000;;;DIVING_GEAR;SEASHELLS;98983.0;2
148000;;;BANANAS;SEASHELLS;4872.0;1
148300;;;DIVING_GEAR;SEASHELLS;98993.0;1
148300;;;BANANAS;SEASHELLS;4868.0;2
148300;;;UKULELE;SEASHELLS;21046.0;11
148300;;;BANANAS;SEASHELLS;4868.0;1
148400;;;PEARLS;SEASHELLS;10002.0;1
148400;;;DIVING_GEAR;SEASHELLS;98982.0;1
148500;;;DIP;SEASHELLS;7067.0;7
148600;;;PEARLS;SEASHELLS;9998.0;1
148600;;;PEARLS;SEASHELLS;9998.0;4
148800;;;DIVING_GEAR;SEASHELLS;98980.0;2
148800;;;UKULELE;SEASHELLS;21044.0;1
148900;;;BANANAS;SEASHELLS;4873.0;2
148900;;;PEARLS;SEASHELLS;10002.0;2
149000;;;PEARLS;SEASHELLS;9998.0;1
149300;;;PEARLS;SEASHELLS;9996.0;2
149300;;;BANANAS;SEASHELLS;4869.0;2
149500;;;BANANAS;SEASHELLS;4870.0;13
149500;;;DIP;SEASHELLS;7058.0;7
149600;;;PEARLS;SEASHELLS;9998.0;1
149700;;;DIP;SEASHELLS;7060.0;9
149700;;;PINA_COLADAS;SEASHELLS;14890.0;4
149700;;;PEARLS;SEASHELLS;10005.0;12
149900;;;UKULELE;SEASHELLS;21050.0;5
150100;;;UKULELE;SEASHELLS;21051.0;1
150200;;;UKULELE;SEASHELLS;21052.0;4
150300;;;BAGUETTE;SEASHELLS;12034.0;3
150300;;;DIVING_GEAR;SEASHELLS;98991.0;1
150300;;;DIP;SEASHELLS;7062.0;4
150500;;;PEARLS;SEASHELLS;9996.0;2
150500;;;DIVING_GEAR;SEASHELLS;98994.0;3
150500;;;BANANAS;SEASHELLS;4875.0;7
150500;;;PEARLS;SEASHELLS;9996.0;1
150800;;;UKULELE;SEASHELLS;21046.0;5
150900;;;PEARLS;SEASHELLS;10002.0;1
151000;;;BANANAS;SEASHELLS;4874.0;1
151400;;;BANANAS;SEASHELLS;4870.0;1
151600;;;BAGUETTE;SEASHELLS;12042.0;3
151700;;;BERRIES;SEASHELLS;3905.0;4
151700;;;DIP;SEASHELLS;7065.0;7
151800;;;DIP;SEASHELLS;7064.0;8
151800;;;DIP;SEASHELLS;7064.0;6
151900;;;DIP;SEASHELLS;7065.0;9
152000;;;DIVING_GEAR;SEASHELLS;98953.0;3
152300;;;BAGUETTE;SEASHELLS;12058.0;5
152400;;;PEARLS;SEASHELLS;10005.0;1
152400;;;BANANAS;SEASHELLS;4875.0;1
152500;;;DIVING_GEAR;SEASHELLS;98942.0;3
152600;;;BANANAS;SEASHELLS;4869.0;2
152600;;;PEARLS;SEASHELLS;9998.0;2
152600;;;DIVING_GEAR;SEASHELLS;98940.0;1
152600;;;BANANAS;SEASHELLS;4874.0;13
152800;;;BANANAS;SEASHELLS;4868.0;1
152900;;;DIP;SEASHELLS;7062.0;7
153000;;;BAGUETTE;SEASHELLS;12052.0;4
153000;;;BERRIES;SEASHELLS;3899.0;2
153000;;;DIP;SEASHELLS;7060.0;6
153000;;;UKULELE;SEASHELLS;21068.0;1
153200;;;BANANAS;SEASHELLS;4867.0;1
153300;;;BANANAS;SEASHELLS;4867.0;10
153300;;;BANANAS;SEASHELLS;4867.0;1
153400;;;BERRIES;SEASHELLS;3899.0;2
153600;;;PEARLS;SEASHELLS;10002.0;1
153700;;;BANANAS;SEASHELLS;4868.0;1
153700;;;PEARLS;SEASHELLS;9996.0;1
153800;;;UKULELE;SEASHELLS;21068.0;3
153900;;;PICNIC_BASKET;SEASHELLS;73672.0;8
154000;;;BANANAS;SEASHELLS;4874.0;1
154200;;;COCONUTS;SEASHELLS;7935.0;8
154300;;;UKULELE;SEASHELLS;21066.0;5
154300;;;DIP;SEASHELLS;7058.0;9
154400;;;PEARLS;SEASHELLS;9998.0;1
154500;;;BERRIES;SEASHELLS;3904.0;10
154700;;;DIP;SEASHELLS;7059.0;7
154700;;;BANANAS;SEASHELLS;4874.0;1
154700;;;PEARLS;SEASHELLS;10002.0;1
154800;;;UKULELE;SEASHELLS;21062.0;7
154900;;;PICNIC_BASKET;SEASHELLS;73665.0;1
155000;;;BANANAS;SEASHELLS;4870.0;8
155100;;;PEARLS;SEASHELLS;10005.0;2
155100;;;BANANAS;SEASHELLS;4870.0;1
155100;;;DIP;SEASHELLS;7060.0;5
155600;;;PEARLS;SEASHELLS;10002.0;1
155600;;;DIP;SEASHELLS;7055.0;11
155700;;;BANANAS;SEASHELLS;4873.0;5
156000;;;UKULELE;SEASHELLS;21068.0;5
156200;;;BANANAS;SEASHELLS;4869.0;7
156200;;;BANANAS;SEASHELLS;4869.0;3
156300;;;BANANAS;SEASHELLS;4874.0;1
156300;;;PEARLS;SEASHELLS;10005.0;1
156400;;;DIVING_GEAR;SEASHELLS;99026.0;3
156500;;;BANANAS;SEASHELLS;4868.0;1
156700;;;PEARLS;SEASHELLS;10002.0;1
156800;;;BAGUETTE;SEASHELLS;12034.0;7
156800;;;BERRIES;SEASHELLS;3904.0;11
157100;;;PEARLS;SEASHELLS;9998.0;6
157200;;;BAGUETTE;SEASHELLS;12037.0;6
157500;;;PEARLS;SEASHELLS;9998.0;1
157500;;;BANANAS;SEASHELLS;4873.0;1
157700;;;DIP;SEASHELLS;7055.0;9
157700;;;BANANAS;SEASHELLS;4871.0;1
158000;;;BERRIES;SEASHELLS;3897.0;6
158000;;;COCONUTS;SEASHELLS;7935.0;20
158000;;;DIVING_GEAR;SEASHELLS;99015.0;3
158100;;;PICNIC_BASKET;SEASHELLS;73596.0;2
158200;;;BANANAS;SEASHELLS;4868.0;3
158300;;;BANANAS;SEASHELLS;4867.0;4
158400;;;PEARLS;SEASHELLS;9998.0;1
158400;;;BERRIES;SEASHELLS;3896.0;15
158900;;;BANANAS;SEASHELLS;4866.0;6
158900;;;COCONUTS;SEASHELLS;7941.0;7
158900;;;COCONUTS;SEASHELLS;7941.0;48
159000;;;DIVING_GEAR;SEASHELLS;99011.0;2
159100;;;BAGUETTE;SEASHELLS;12038.0;5
159300;;;UKULELE;SEASHELLS;21096.0;3
159600;;;BANANAS;SEASHELLS;4866.0;1
159700;;;BANANAS;SEASHELLS;4870.0;9
159800;;;BANANAS;SEASHELLS;4865.0;6
159800;;;BANANAS;SEASHELLS;4865.0;2
159900;;;BANANAS;SEASHELLS;4865.0;9
159900;;;DIVING_GEAR;SEASHELLS;99010.0;2
160100;;;DIVING_GEAR;SEASHELLS;99004.0;1
160200;;;PEARLS;SEASHELLS;9998.0;1
160400;;;BERRIES;SEASHELLS;3895.0;14
160400;;;BAGUETTE;SEASHELLS;12038.0;4
160500;;;PEARLS;SEASHELLS;9996.0;1
160500;;;BANANAS;SEASHELLS;4872.0;1
160500;;;PEARLS;SEASHELLS;9996.0;6
160500;;;BERRIES;SEASHELLS;3903.0;7
161100;;;BERRIES;SEASHELLS;3903.0;11
161300;;;PEARLS;SEASHELLS;10004.0;2
161300;;;UKULELE;SEASHELLS;21096.0;2
161300;;;BANANAS;SEASHELLS;4871.0;2
161300;;;DIP;SEASHELLS;7069.0;8
161400;;;PEARLS;SEASHELLS;9998.0;1
161700;;;DIP;SEASHELLS;7069.0;3
161700;;;BERRIES;SEASHELLS;3906.0;10
161800;;;BANANAS;SEASHELLS;4864.0;1
161900;;;PEARLS;SEASHELLS;10002.0;4
161900;;;UKULELE;SEASHELLS;21090.0;4
162100;;;DIP;SEASHELLS;7071.0;5
162100;;;BANANAS;SEASHELLS;4865.0;1
162200;;;BANANAS;SEASHELLS;4865.0;1
162300;;;DIVING_GEAR;SEASHELLS;98957.0;3
162400;;;BANANAS;SEASHELLS;4865.0;1
162500;;;PEARLS;SEASHELLS;10004.0;2
162500;;;DIP;SEASHELLS;7064.0;7
162500;;;BERRIES;SEASHELLS;3899.0;10
162900;;;DIVING_GEAR;SEASHELLS;98943.0;3
163000;;;BANANAS;SEASHELLS;4866.0;1
163000;;;PINA_COLADAS;SEASHELLS;14888.0;20
163300;;;PEARLS;SEASHELLS;10002.0;1
163400;;;COCONUTS;SEASHELLS;7943.0;52
163500;;;PEARLS;SEASHELLS;10004.0;6
163500;;;PEARLS;SEASHELLS;10004.0;1
163600;;;BANANAS;SEASHELLS;4871.0;1
163600;;;PICNIC_BASKET;SEASHELLS;73622.0;2
163600;;;PICNIC_BASKET;SEASHELLS;73621.0;6
163600;;;DIVING_GEAR;SEASHELLS;98962.0;1
163800;;;DIVING_GEAR;SEASHELLS;98948.0;2
163800;;;DIVING_GEAR;SEASHELLS;98948.0;1
163800;;;BANANAS;SEASHELLS;4867.0;10
163900;;;BANANAS;SEASHELLS;4871.0;1
163900;;;DIP;SEASHELLS;7070.0;4
164000;;;UKULELE;SEASHELLS;21093.0;2
164200;;;BAGUETTE;SEASHELLS;12037.0;4
164300;;;BAGUETTE;SEASHELLS;12036.0;5
164400;;;PINA_COLADAS;SEASHELLS;14897.0;15
164400;;;BANANAS;SEASHELLS;4867.0;1
164500;;;BANANAS;SEASHELLS;4873.0;16
164700;;;PEARLS;SEASHELLS;10002.0;6
164700;;;UKULELE;SEASHELLS;21091.0;3
164700;;;PEARLS;SEASHELLS;10002.0;6
164800;;;BAGUETTE;SEASHELLS;12034.0;5
164900;;;DIP;SEASHELLS;7072.0;8
164900;;;COCONUTS;SEASHELLS;7939.0;49
165000;;;BERRIES;SEASHELLS;3899.0;7
165000;;;PEARLS;SEASHELLS;9996.0;5
165000;;;PEARLS;SEASHELLS;9996.0;1
165100;;;BAGUETTE;SEASHELLS;12037.0;8
165100;;;DIVING_GEAR;SEASHELLS;98949.0;1
165200;;;PICNIC_BASKET;SEASHELLS;73670.0;2
165200;;;BANANAS;SEASHELLS;4873.0;10
165200;;;PEARLS;SEASHELLS;9998.0;2
165200;;;BANANAS;SEASHELLS;4873.0;1
165200;;;BANANAS;SEASHELLS;4873.0;0
165200;;;PICNIC_BASKET;SEASHELLS;73670.0;3
165200;;;BANANAS;SEASHELLS;4873.0;1
165400;;;DIP;SEASHELLS;7074.0;11
165600;;;PEARLS;SEASHELLS;10002.0;3
165600;;;BAGUETTE;SEASHELLS;12036.0;8
165700;;;PICNIC_BASKET;SEASHELLS;73685.0;6
165700;;;PICNIC_BASKET;SEASHELLS;73685.0;1
165800;;;DIVING_GEAR;SEASHELLS;98957.0;2
165800;;;BAGUETTE;SEASHELLS;12035.0;6
166000;;;UKULELE;SEASHELLS;21101.0;11
166000;;;PEARLS;SEASHELLS;10002.0;1
166100;;;UKULELE;SEASHELLS;21098.0;7
166100;;;DIP;SEASHELLS;7071.0;8
166100;;;UKULELE;SEASHELLS;21100.0;4
166200;;;DIP;SEASHELLS;7071.0;7
166400;;;PICNIC_BASKET;SEASHELLS;73695.0;2
166500;;;BAGUETTE;SEASHELLS;12042.0;9
166800;;;PICNIC_BASKET;SEASHELLS;73699.0;4
166800;;;PICNIC_BASKET;SEASHELLS;73705.0;2
166900;;;BANANAS;SEASHELLS;4866.0;2
167100;;;DIVING_GEAR;SEASHELLS;98962.0;3
167200;;;PICNIC_BASKET;SEASHELLS;73703.0;1
167300;;;PEARLS;SEASHELLS;9998.0;3
167500;;;PINA_COLADAS;SEASHELLS;14891.0;20
167600;;;BANANAS;SEASHELLS;4863.0;1
167600;;;PEARLS;SEASHELLS;9998.0;1
167700;;;PEARLS;SEASHELLS;9998.0;1
167800;;;BANANAS;SEASHELLS;4866.0;2
167800;;;BAGUETTE;SEASHELLS;12051.0;7
167900;;;COCONUTS;SEASHELLS;7937.0;47
168100;;;BERRIES;SEASHELLS;3900.0;15
168100;;;DIVING_GEAR;SEASHELLS;98928.0;2
168300;;;UKULELE;SEASHELLS;21085.0;3
168500;;;DIP;SEASHELLS;7073.0;8
168600;;;DIVING_GEAR;SEASHELLS;98918.0;1
168700;;;BANANAS;SEASHELLS;4862.0;1
169000;;;BERRIES;SEASHELLS;3902.0;12
169100;;;PEARLS;SEASHELLS;9998.0;4
169500;;;PEARLS;SEASHELLS;10002.0;1
169600;;;BANANAS;SEASHELLS;4862.0;1
169700;;;BAGUETTE;SEASHELLS;12054.0;8
169700;;;PEARLS;SEASHELLS;9996.0;1
169700;;;BANANAS;SEASHELLS;4861.0;1
169700;;;DIP;SEASHELLS;7074.0;3
169800;;;BERRIES;SEASHELLS;3895.0;10
169900;;;PEARLS;SEASHELLS;10002.0;1
170100;;;PEARLS;SEASHELLS;9998.0;1
170300;;;BAGUETTE;SEASHELLS;12042.0;4
170400;;;BANANAS;SEASHELLS;4862.0;13
170500;;;PICNIC_BASKET;SEASHELLS;73685.0;2
170700;;;DIVING_GEAR;SEASHELLS;98885.0;3
170800;;;PEARLS;SEASHELLS;10004.0;1
170900;;;PICNIC_BASKET;SEASHELLS;73652.0;4
170900;;;PICNIC_BASKET;SEASHELLS;73653.0;1
170900;;;DIP;SEASHELLS;7070.0;9
171000;;;BANANAS;SEASHELLS;4862.0;1
171000;;;PEARLS;SEASHELLS;10002.0;1
171100;;;COCONUTS;SEASHELLS;7944.0;9
171200;;;PEARLS;SEASHELLS;10004.0;1
171200;;;BANANAS;SEASHELLS;4868.0;1
171200;;;BAGUETTE;SEASHELLS;12052.0;4
171400;;;DIP;SEASHELLS;7070.0;4
171400;;;BANANAS;SEASHELLS;4862.0;4
171500;;;DIP;SEASHELLS;7072.0;3
171600;;;BAGUETTE;SEASHELLS;12043.0;7
171700;;;UKULELE;SEASHELLS;21061.0;2
171800;;;BANANAS;SEASHELLS;4866.0;1
171900;;;PEARLS;SEASHELLS;9998.0;1
172000;;;BAGUETTE;SEASHELLS;12044.0;5
172100;;;BAGUETTE;SEASHELLS;12042.0;4
172300;;;PEARLS;SEASHELLS;10002.0;3
172300;;;PEARLS;SEASHELLS;10002.0;1
172400;;;PINA_COLADAS;SEASHELLS;14911.0;5
172400;;;BANANAS;SEASHELLS;4861.0;1
172400;;;DIVING_GEAR;SEASHELLS;98872.0;3
172500;;;DIP;SEASHELLS;7075.0;7
172700;;;DIP;SEASHELLS;7073.0;10
172700;;;BANANAS;SEASHELLS;4862.0;3
172700;;;BANANAS;SEASHELLS;4862.0;1
172700;;;BAGUETTE;SEASHELLS;12036.0;7
173000;;;PEARLS;SEASHELLS;9998.0;3
173200;;;UKULELE;SEASHELLS;21074.0;3
173300;;;BANANAS;SEASHELLS;4862.0;1
173300;;;DIP;SEASHELLS;7071.0;4
173300;;;UKULELE;SEASHELLS;21079.0;2
173400;;;UKULELE;SEASHELLS;21077.0;1
173700;;;DIP;SEASHELLS;7070.0;6
173900;;;PEARLS;SEASHELLS;9995.0;4
174000;;;COCONUTS;SEASHELLS;7944.0;58
174100;;;PEARLS;SEASHELLS;9995.0;4
174200;;;PEARLS;SEASHELLS;9998.0;1
174300;;;PICNIC_BASKET;SEASHELLS;73716.0;8
174400;;;DIVING_GEAR;SEASHELLS;98921.0;3
174500;;;UKULELE;SEASHELLS;21079.0;1
174700;;;PINA_COLADAS;SEASHELLS;14915.0;5
175000;;;COCONUTS;SEASHELLS;7942.0;40
175000;;;DIP;SEASHELLS;7074.0;8
175100;;;BANANAS;SEASHELLS;4865.0;1
175100;;;PEARLS;SEASHELLS;9996.0;2
175100;;;DIP;SEASHELLS;7073.0;8
175500;;;UKULELE;SEASHELLS;21090.0;2
175500;;;BANANAS;SEASHELLS;4859.0;2
175500;;;PEARLS;SEASHELLS;9995.0;2
175500;;;BANANAS;SEASHELLS;4860.0;1
175600;;;BANANAS;SEASHELLS;4859.0;1
175600;;;PICNIC_BASKET;SEASHELLS;73751.0;7
175700;;;PEARLS;SEASHELLS;10002.0;1
175700;;;COCONUTS;SEASHELLS;7943.0;8
175900;;;DIP;SEASHELLS;7066.0;10
176100;;;PEARLS;SEASHELLS;10002.0;1
176200;;;BANANAS;SEASHELLS;4865.0;1
176300;;;PINA_COLADAS;SEASHELLS;14905.0;3
176400;;;PEARLS;SEASHELLS;9998.0;5
176400;;;BANANAS;SEASHELLS;4860.0;12
176500;;;UKULELE;SEASHELLS;21112.0;3
176500;;;DIP;SEASHELLS;7065.0;12
176700;;;BAGUETTE;SEASHELLS;12064.0;5
176800;;;UKULELE;SEASHELLS;21112.0;5
176900;;;PEARLS;SEASHELLS;10005.0;8
177200;;;BANANAS;SEASHELLS;4865.0;1
177300;;;PINA_COLADAS;SEASHELLS;14905.0;2
177400;;;UKULELE;SEASHELLS;21119.0;2
177500;;;DIP;SEASHELLS;7063.0;7
177600;;;BANANAS;SEASHELLS;4865.0;2
177600;;;PEARLS;SEASHELLS;10004.0;1
177600;;;BANANAS;SEASHELLS;4859.0;1
177600;;;PEARLS;SEASHELLS;10004.0;1
177600;;;UKULELE;SEASHELLS;21124.0;3
177700;;;BANANAS;SEASHELLS;4859.0;1
178000;;;DIP;SEASHELLS;7062.0;6
178000;;;PICNIC_BASKET;SEASHELLS;73840.0;1
178200;;;BERRIES;SEASHELLS;3904.0;13
178200;;;DIP;SEASHELLS;7064.0;10
178400;;;COCONUTS;SEASHELLS;7941.0;10
178500;;;BANANAS;SEASHELLS;4860.0;1
178600;;;BANANAS;SEASHELLS;4866.0;1
179000;;;BANANAS;SEASHELLS;4861.0;11
179100;;;PINA_COLADAS;SEASHELLS;14912.0;7
179300;;;DIP;SEASHELLS;7055.0;10
179400;;;DIVING_GEAR;SEASHELLS;98856.0;1
179400;;;BANANAS;SEASHELLS;4866.0;1
179600;;;DIP;SEASHELLS;7060.0;7
179800;;;COCONUTS;SEASHELLS;7942.0;5
179800;;;BAGUETTE;SEASHELLS;12040.0;8
179900;;;DIP;SEASHELLS;7058.0;4
179900;;;DIVING_GEAR;SEASHELLS;98861.0;1
179900;;;UKULELE;SEASHELLS;21122.0;5
180000;;;PEARLS;SEASHELLS;10002.0;5
180000;;;BANANAS;SEASHELLS;4866.0;1
180200;;;BANANAS;SEASHELLS;4861.0;1
180300;;;PICNIC_BASKET;SEASHELLS;73748.0;7
180600;;;PEARLS;SEASHELLS;10000.0;3
180600;;;DIP;SEASHELLS;7058.0;8
180700;;;DIVING_GEAR;SEASHELLS;98845.0;2
180700;;;BERRIES;SEASHELLS;3904.0;1
180700;;;PEARLS;SEASHELLS;9996.0;1
180900;;;PEARLS;SEASHELLS;9998.0;1
181000;;;COCONUTS;SEASHELLS;7945.0;17
181100;;;PICNIC_BASKET;SEASHELLS;73804.0;1
181200;;;PEARLS;SEASHELLS;9996.0;2
181200;;;DIP;SEASHELLS;7059.0;3
181200;;;PEARLS;SEASHELLS;9996.0;4
181400;;;BERRIES;SEASHELLS;3907.0;5
181600;;;PEARLS;SEASHELLS;9995.0;2
181600;;;BANANAS;SEASHELLS;4862.0;2
181700;;;DIP;SEASHELLS;7059.0;10
181900;;;UKULELE;SEASHELLS;21124.0;10
182000;;;BAGUETTE;SEASHELLS;12047.0;3
182100;;;BERRIES;SEASHELLS;3907.0;11
182100;;;PEARLS;SEASHELLS;10002.0;5
182100;;;BANANAS;SEASHELLS;4861.0;1
182100;;;PEARLS;SEASHELLS;10004.0;2
182100;;;PEARLS;SEASHELLS;10004.0;3
182200;;;BERRIES;SEASHELLS;3907.0;10
182300;;;PEARLS;SEASHELLS;10005.0;7
182300;;;PEARLS;SEASHELLS;10005.0;8
182400;;;UKULELE;SEASHELLS;21138.0;3
182500;;;PEARLS;SEASHELLS;10002.0;3
182600;;;BANANAS;SEASHELLS;4866.0;4
182800;;;BANANAS;SEASHELLS;4862.0;9
182800;;;BANANAS;SEASHELLS;4866.0;1
183000;;;PEARLS;SEASHELLS;10004.0;1
183000;;;BANANAS;SEASHELLS;4867.0;1
183000;;;UKULELE;SEASHELLS;21140.0;3
183200;;;PEARLS;SEASHELLS;9998.0;1
183400;;;DIP;SEASHELLS;7054.0;8
183500;;;BAGUETTE;SEASHELLS;12048.0;5
183600;;;PICNIC_BASKET;SEASHELLS;73865.0;5
183600;;;BANANAS;SEASHELLS;4861.0;1
183600;;;PICNIC_BASKET;SEASHELLS;73865.0;1
183700;;;UKULELE;SEASHELLS;21140.0;1
183700;;;COCONUTS;SEASHELLS;7944.0;8
183800;;;UKULELE;SEASHELLS;21139.0;1
183800;;;BANANAS;SEASHELLS;4861.0;1
183800;;;PEARLS;SEASHELLS;10002.0;2
183800;;;PEARLS;SEASHELLS;10002.0;1
184000;;;DIVING_GEAR;SEASHELLS;98863.0;2
184200;;;PEARLS;SEASHELLS;9998.0;1
184200;;;UKULELE;SEASHELLS;21132.0;2
184300;;;BANANAS;SEASHELLS;4865.0;1
184400;;;UKULELE;SEASHELLS;21135.0;5
184800;;;BERRIES;SEASHELLS;3912.0;4
185000;;;BERRIES;SEASHELLS;3906.0;4
185000;;;BAGUETTE;SEASHELLS;12053.0;6
185100;;;BANANAS;SEASHELLS;4865.0;1
185100;;;PEARLS;SEASHELLS;10004.0;1
185100;;;PEARLS;SEASHELLS;10004.0;5
185100;;;BERRIES;SEASHELLS;3913.0;7
185200;;;BANANAS;SEASHELLS;4861.0;1
185300;;;BANANAS;SEASHELLS;4865.0;1
185300;;;BANANAS;SEASHELLS;4863.0;2
185300;;;PEARLS;SEASHELLS;9996.0;1
185300;;;PEARLS;SEASHELLS;9996.0;1
185400;;;DIP;SEASHELLS;7061.0;12
185700;;;PICNIC_BASKET;SEASHELLS;73888.0;1
185800;;;DIVING_GEAR;SEASHELLS;98865.0;1
186000;;;PEARLS;SEASHELLS;9998.0;1
186000;;;BANANAS;SEASHELLS;4860.0;3
186000;;;PEARLS;SEASHELLS;9998.0;3
186200;;;UKULELE;SEASHELLS;21129.0;4
186300;;;BANANAS;SEASHELLS;4864.0;1
186300;;;DIVING_GEAR;SEASHELLS;98845.0;1
186400;;;UKULELE;SEASHELLS;21121.0;3
186500;;;PEARLS;SEASHELLS;10002.0;1
186600;;;BAGUETTE;SEASHELLS;12045.0;5
186600;;;PEARLS;SEASHELLS;9998.0;5
186600;;;BERRIES;SEASHELLS;3912.0;16
186600;;;DIVING_GEAR;SEASHELLS;98834.0;1
186800;;;BERRIES;SEASHELLS;3912.0;11
186800;;;BAGUETTE;SEASHELLS;12041.0;6
186800;;;DIP;SEASHELLS;7064.0;4
186900;;;DIVING_GEAR;SEASHELLS;98839.0;3
187000;;;PEARLS;SEASHELLS;10002.0;1
187000;;;BANANAS;SEASHELLS;4860.0;1
187000;;;PEARLS;SEASHELLS;10002.0;2
187100;;;BANANAS;SEASHELLS;4864.0;10
187100;;;BANANAS;SEASHELLS;4864.0;3
187400;;;BANANAS;SEASHELLS;4864.0;1
187500;;;BANANAS;SEASHELLS;4864.0;1
187600;;;UKULELE;SEASHELLS;21112.0;1
187600;;;PEARLS;SEASHELLS;10002.0;1
187700;;;DIP;SEASHELLS;7063.0;3
187800;;;PEARLS;SEASHELLS;9998.0;5
188100;;;PEARLS;SEASHELLS;10002.0;1
188100;;;UKULELE;SEASHELLS;21117.0;2
188300;;;BANANAS;SEASHELLS;4860.0;1
188300;;;PEARLS;SEASHELLS;9996.0;1
188400;;;PEARLS;SEASHELLS;10002.0;2
188400;;;BERRIES;SEASHELLS;3912.0;11
188500;;;BANANAS;SEASHELLS;4865.0;1
188700;;;PEARLS;SEASHELLS;10004.0;1
188700;;;PEARLS;SEASHELLS;10004.0;9
188900;;;PEARLS;SEASHELLS;10004.0;2
188900;;;PEARLS;SEASHELLS;10004.0;6
188900;;;PEARLS;SEASHELLS;10004.0;2
189000;;;UKULELE;SEASHELLS;21119.0;5
189200;;;DIVING_GEAR;SEASHELLS;98832.0;2
189200;;;BANANAS;SEASHELLS;4859.0;2
189200;;;BANANAS;SEASHELLS;4859.0;2
189300;;;UKULELE;SEASHELLS;21117.0;8
189400;;;DIVING_GEAR;SEASHELLS;98809.0;1
189400;;;DIP;SEASHELLS;7063.0;8
189600;;;DIP;SEASHELLS;7065.0;6
189700;;;BANANAS;SEASHELLS;4859.0;1
189700;;;DIP;SEASHELLS;7065.0;5
189800;;;DIP;SEASHELLS;7064.0;8
189800;;;BANANAS;SEASHELLS;4864.0;1
189900;;;PICNIC_BASKET;SEASHELLS;73860.0;7
189900;;;COCONUTS;SEASHELLS;7937.0;54
190000;;;BERRIES;SEASHELLS;3910.0;12
190200;;;PICNIC_BASKET;SEASHELLS;73861.0;9
190300;;;UKULELE;SEASHELLS;21109.0;5
190300;;;BANANAS;SEASHELLS;4860.0;2
190300;;;DIVING_GEAR;SEASHELLS;98813.0;1
190300;;;PEARLS;SEASHELLS;10004.0;9
190300;;;PEARLS;SEASHELLS;10004.0;1
190500;;;PINA_COLADAS;SEASHELLS;14907.0;4
190600;;;BANANAS;SEASHELLS;4864.0;1
190600;;;PICNIC_BASKET;SEASHELLS;73845.0;1
190600;;;PEARLS;SEASHELLS;9996.0;7
190600;;;PEARLS;SEASHELLS;9996.0;1
190600;;;BERRIES;SEASHELLS;3903.0;11
190800;;;BERRIES;SEASHELLS;3911.0;5
190800;;;BANANAS;SEASHELLS;4865.0;1
191100;;;BANANAS;SEASHELLS;4866.0;4
191200;;;BANANAS;SEASHELLS;4866.0;6
191300;;;BANANAS;SEASHELLS;4863.0;1
191300;;;DIP;SEASHELLS;7070.0;7
191300;;;BANANAS;SEASHELLS;4863.0;2
191300;;;BAGUETTE;SEASHELLS;12043.0;9
191400;;;BANANAS;SEASHELLS;4864.0;2
191400;;;BANANAS;SEASHELLS;4864.0;1
191400;;;BANANAS;SEASHELLS;4864.0;6
191500;;;PEARLS;SEASHELLS;10004.0;1
191500;;;DIVING_GEAR;SEASHELLS;98822.0;1
191500;;;DIVING_GEAR;SEASHELLS;98825.0;3
191700;;;PINA_COLADAS;SEASHELLS;14905.0;3
191800;;;DIP;SEASHELLS;7069.0;5
191800;;;UKULELE;SEASHELLS;21110.0;3
191800;;;PEARLS;SEASHELLS;9995.0;2
191800;;;BANANAS;SEASHELLS;4859.0;2
191900;;;BAGUETTE;SEASHELLS;12040.0;8
192000;;;PEARLS;SEASHELLS;9998.0;1
192000;;;DIVING_GEAR;SEASHELLS;98816.0;2
192000;;;BANANAS;SEASHELLS;4866.0;1
192100;;;BANANAS;SEASHELLS;4866.0;1
192200;;;PEARLS;SEASHELLS;10002.0;1
192300;;;BAGUETTE;SEASHELLS;12041.0;6
192300;;;PICNIC_BASKET;SEASHELLS;73794.0;1
192300;;;PICNIC_BASKET;SEASHELLS;73800.0;5
192300;;;PICNIC_BASKET;SEASHELLS;73800.0;1
192400;;;BANANAS;SEASHELLS;4867.0;2
192400;;;BANANAS;SEASHELLS;4861.0;1
192600;;;BANANAS;SEASHELLS;4865.0;1
192600;;;BANANAS;SEASHELLS;4865.0;1
192600;;;PEARLS;SEASHELLS;9998.0;1
192700;;;PEARLS;SEASHELLS;10002.0;4
192800;;;DIVING_GEAR;SEASHELLS;98784.0;2
192900;;;BANANAS;SEASHELLS;4867.0;1
192900;;;PICNIC_BASKET;SEASHELLS;73756.0;5
193000;;;BANANAS;SEASHELLS;4868.0;15
193300;;;PEARLS;SEASHELLS;9998.0;1
193400;;;UKULELE;SEASHELLS;21123.0;3
193400;;;BAGUETTE;SEASHELLS;12054.0;5
193600;;;PICNIC_BASKET;SEASHELLS;73801.0;3
193600;;;PICNIC_BASKET;SEASHELLS;73801.0;2
194100;;;BAGUETTE;SEASHELLS;12055.0;3
194100;;;BANANAS;SEASHELLS;4860.0;1
194200;;;BAGUETTE;SEASHELLS;12052.0;6
194400;;;PEARLS;SEASHELLS;10002.0;1
194600;;;BANANAS;SEASHELLS;4865.0;1
194700;;;BAGUETTE;SEASHELLS;12054.0;7
194700;;;DIVING_GEAR;SEASHELLS;98779.0;1
194900;;;DIP;SEASHELLS;7068.0;10
195100;;;BANANAS;SEASHELLS;4867.0;1
195200;;;PICNIC_BASKET;SEASHELLS;73784.0;6
195400;;;BANANAS;SEASHELLS;4867.0;1
195400;;;BERRIES;SEASHELLS;3898.0;2
195400;;;DIVING_GEAR;SEASHELLS;98792.0;1
195600;;;PEARLS;SEASHELLS;10002.0;1
195700;;;DIP;SEASHELLS;7072.0;3
195700;;;PEARLS;SEASHELLS;10002.0;1
195700;;;BAGUETTE;SEASHELLS;12044.0;6
195700;;;BANANAS;SEASHELLS;4867.0;1
196000;;;DIP;SEASHELLS;7072.0;9
196000;;;BANANAS;SEASHELLS;4863.0;7
196100;;;UKULELE;SEASHELLS;21129.0;4
196500;;;DIVING_GEAR;SEASHELLS;98831.0;2
196500;;;COCONUTS;SEASHELLS;7948.0;10
196600;;;UKULELE;SEASHELLS;21141.0;1
196600;;;COCONUTS;SEASHELLS;7949.0;54
196700;;;DIVING_GEAR;SEASHELLS;98850.0;3
196800;;;PEARLS;SEASHELLS;9995.0;1
196800;;;BANANAS;SEASHELLS;4860.0;1
196900;;;UKULELE;SEASHELLS;21133.0;2
197300;;;BANANAS;SEASHELLS;4865.0;3
197500;;;DIP;SEASHELLS;7077.0;8
197700;;;DIP;SEASHELLS;7076.0;8
197700;;;BANANAS;SEASHELLS;4866.0;1
197900;;;DIVING_GEAR;SEASHELLS;98835.0;2
198100;;;PEARLS;SEASHELLS;9995.0;6
198100;;;BANANAS;SEASHELLS;4868.0;16
198200;;;DIP;SEASHELLS;7083.0;4
198300;;;BANANAS;SEASHELLS;4866.0;1
198400;;;BANANAS;SEASHELLS;4861.0;1
198500;;;PICNIC_BASKET;SEASHELLS;73796.0;6
198700;;;DIP;SEASHELLS;7080.0;6
198700;;;BANANAS;SEASHELLS;4860.0;1
198800;;;BANANAS;SEASHELLS;4859.0;10
198800;;;PEARLS;SEASHELLS;10004.0;2
198800;;;BANANAS;SEASHELLS;4866.0;2
198900;;;PINA_COLADAS;SEASHELLS;14917.0;22
199100;;;BANANAS;SEASHELLS;4865.0;1
199200;;;BANANAS;SEASHELLS;4860.0;1
199200;;;PICNIC_BASKET;SEASHELLS;73814.0;1
199200;;;PEARLS;SEASHELLS;10002.0;1
199200;;;BERRIES;SEASHELLS;3909.0;15
199300;;;PEARLS;SEASHELLS;9998.0;1
199300;;;BANANAS;SEASHELLS;4866.0;1
199400;;;BANANAS;SEASHELLS;4860.0;1
199400;;;DIP;SEASHELLS;7080.0;9
199500;;;BERRIES;SEASHELLS;3903.0;6
199500;;;BERRIES;SEASHELLS;3903.0;17
199500;;;DIP;SEASHELLS;7082.0;4
199600;;;BANANAS;SEASHELLS;4867.0;2
199600;;;PEARLS;SEASHELLS;10004.0;2
199700;;;BANANAS;SEASHELLS;4866.0;9
199800;;;BERRIES;SEASHELLS;3910.0;9
200000;;;PEARLS;SEASHELLS;9996.0;2
200100;;;BANANAS;SEASHELLS;4867.0;1
200200;;;DIP;SEASHELLS;7083.0;8
200300;;;DIP;SEASHELLS;7082.0;8
200700;;;PEARLS;SEASHELLS;9998.0;1
200700;;;BANANAS;SEASHELLS;4865.0;9
200800;;;UKULELE;SEASHELLS;21122.0;5
200900;;;PEARLS;SEASHELLS;9996.0;5
200900;;;BERRIES;SEASHELLS;3910.0;10
200900;;;PEARLS;SEASHELLS;9996.0;1
201000;;;DIVING_GEAR;SEASHELLS;98880.0;1
201000;;;UKULELE;SEASHELLS;21127.0;1
201100;;;PEARLS;SEASHELLS;9998.0;1
201400;;;UKULELE;SEASHELLS;21125.0;2
201500;;;PEARLS;SEASHELLS;10002.0;1
201600;;;PEARLS;SEASHELLS;9998.0;1
201800;;;PICNIC_BASKET;SEASHELLS;73819.0;1
201800;;;PEARLS;SEASHELLS;10002.0;1
201800;;;BERRIES;SEASHELLS;3912.0;12
201900;;;BAGUETTE;SEASHELLS;12048.0;8
202000;;;BANANAS;SEASHELLS;4863.0;5
202000;;;BANANAS;SEASHELLS;4863.0;4
202100;;;PINA_COLADAS;SEASHELLS;14923.0;6
202100;;;PEARLS;SEASHELLS;9998.0;1
202100;;;DIVING_GEAR;SEASHELLS;98825.0;2
202200;;;PEARLS;SEASHELLS;10002.0;2
202200;;;BANANAS;SEASHELLS;4862.0;2
202300;;;BERRIES;SEASHELLS;3912.0;12
202300;;;BAGUETTE;SEASHELLS;12051.0;6
202400;;;BERRIES;SEASHELLS;3905.0;10
202700;;;BANANAS;SEASHELLS;4858.0;14
202800;;;BANANAS;SEASHELLS;4858.0;1
202800;;;PEARLS;SEASHELLS;10002.0;1
203500;;;PEARLS;SEASHELLS;9996.0;1
203500;;;BANANAS;SEASHELLS;4859.0;2
203500;;;BAGUETTE;SEASHELLS;12061.0;7
203700;;;BANANAS;SEASHELLS;4858.0;3
204000;;;PEARLS;SEASHELLS;10004.0;1
204100;;;BANANAS;SEASHELLS;4862.0;1
204200;;;DIVING_GEAR;SEASHELLS;98882.0;1
204600;;;BANANAS;SEASHELLS;4857.0;1
204600;;;PEARLS;SEASHELLS;9996.0;1
205000;;;DIP;SEASHELLS;7093.0;9
205000;;;PINA_COLADAS;SEASHELLS;14944.0;23
205000;;;BERRIES;SEASHELLS;3901.0;13
205200;;;DIP;SEASHELLS;7093.0;9
205400;;;BANANAS;SEASHELLS;4863.0;1
205400;;;DIP;SEASHELLS;7093.0;8
205500;;;UKULELE;SEASHELLS;21123.0;9
205500;;;PEARLS;SEASHELLS;9996.0;1
205500;;;BANANAS;SEASHELLS;4864.0;1
205500;;;BANANAS;SEASHELLS;4859.0;1
205700;;;BANANAS;SEASHELLS;4860.0;1
206000;;;DIVING_GEAR;SEASHELLS;98888.0;1
206100;;;BANANAS;SEASHELLS;4860.0;1
206200;;;PEARLS;SEASHELLS;9998.0;1
206200;;;UKULELE;SEASHELLS;21121.0;1
206300;;;DIP;SEASHELLS;7093.0;10
206300;;;BAGUETTE;SEASHELLS;12062.0;5
206300;;;BANANAS;SEASHELLS;4866.0;1
206300;;;PEARLS;SEASHELLS;10004.0;1
206400;;;DIVING_GEAR;SEASHELLS;98902.0;1
206500;;;PEARLS;SEASHELLS;9995.0;1
206500;;;PEARLS;SEASHELLS;9996.0;11
206500;;;DIP;SEASHELLS;7093.0;5
206500;;;PEARLS;SEASHELLS;9996.0;1
206500;;;BANANAS;SEASHELLS;4861.0;1
206600;;;UKULELE;SEASHELLS;21128.0;2
206600;;;PICNIC_BASKET;SEASHELLS;73925.0;10
207100;;;UKULELE;SEASHELLS;21138.0;1
207500;;;PEARLS;SEASHELLS;10002.0;1
207600;;;BANANAS;SEASHELLS;4864.0;1
207800;;;BANANAS;SEASHELLS;4858.0;1
207900;;;PEARLS;SEASHELLS;9998.0;1
207900;;;BANANAS;SEASHELLS;4859.0;1
207900;;;UKULELE;SEASHELLS;21138.0;2
208100;;;PEARLS;SEASHELLS;9998.0;6
208100;;;BERRIES;SEASHELLS;3905.0;4
208300;;;PEARLS;SEASHELLS;10005.0;9
208400;;;PEARLS;SEASHELLS;9996.0;1
208400;;;BANANAS;SEASHELLS;4864.0;1
208800;;;DIVING_GEAR;SEASHELLS;98904.0;1
209100;;;PINA_COLADAS;SEASHELLS;14952.0;32
209200;;;BANANAS;SEASHELLS;4860.0;2
209200;;;PEARLS;SEASHELLS;9998.0;2
209400;;;BANANAS;SEASHELLS;4859.0;17
209700;;;DIP;SEASHELLS;7097.0;10
209800;;;BANANAS;SEASHELLS;4865.0;11
209800;;;PEARLS;SEASHELLS;9998.0;1
209800;;;BANANAS;SEASHELLS;4865.0;4
209900;;;BAGUETTE;SEASHELLS;12062.0;7
210000;;;BAGUETTE;SEASHELLS;12064.0;3
210100;;;DIP;SEASHELLS;7097.0;10
210100;;;PEARLS;SEASHELLS;9998.0;1
210200;;;UKULELE;SEASHELLS;21140.0;3
210300;;;COCONUTS;SEASHELLS;7952.0;7
210300;;;COCONUTS;SEASHELLS;7952.0;63
210300;;;BANANAS;SEASHELLS;4860.0;10
210300;;;BANANAS;SEASHELLS;4860.0;1
210500;;;PEARLS;SEASHELLS;10002.0;1
210600;;;BERRIES;SEASHELLS;3904.0;2
210700;;;UKULELE;SEASHELLS;21140.0;4
210700;;;DIVING_GEAR;SEASHELLS;98900.0;3
210800;;;BANANAS;SEASHELLS;4860.0;1
210800;;;PEARLS;SEASHELLS;9998.0;2
211000;;;PEARLS;SEASHELLS;9998.0;1
211100;;;DIVING_GEAR;SEASHELLS;98917.0;2
211100;;;UKULELE;SEASHELLS;21134.0;2
211200;;;COCONUTS;SEASHELLS;7949.0;8
211300;;;BAGUETTE;SEASHELLS;12065.0;3
211400;;;BANANAS;SEASHELLS;4859.0;2
211400;;;UKULELE;SEASHELLS;21134.0;4
211700;;;BAGUETTE;SEASHELLS;12064.0;3
211800;;;BAGUETTE;SEASHELLS;12062.0;9
211900;;;DIVING_GEAR;SEASHELLS;98915.0;2
212000;;;DIVING_GEAR;SEASHELLS;98911.0;1
212000;;;BANANAS;SEASHELLS;4866.0;16
212100;;;BANANAS;SEASHELLS;4866.0;1
212100;;;PEARLS;SEASHELLS;10004.0;1
212200;;;UKULELE;SEASHELLS;21145.0;4
212300;;;BANANAS;SEASHELLS;4861.0;3
212400;;;DIP;SEASHELLS;7085.0;8
212600;;;DIP;SEASHELLS;7084.0;5
212800;;;PEARLS;SEASHELLS;10002.0;1
213000;;;BANANAS;SEASHELLS;4859.0;3
213200;;;PICNIC_BASKET;SEASHELLS;73943.0;1
213200;;;COCONUTS;SEASHELLS;7951.0;70
213400;;;PINA_COLADAS;SEASHELLS;14960.0;5
213400;;;PEARLS;SEASHELLS;9995.0;1
213400;;;BANANAS;SEASHELLS;4859.0;1
213600;;;DIP;SEASHELLS;7087.0;10
213600;;;PEARLS;SEASHELLS;9996.0;10
213600;;;PEARLS;SEASHELLS;9996.0;2
213700;;;PICNIC_BASKET;SEASHELLS;73945.0;2
213700;;;PEARLS;SEASHELLS;9996.0;1
213700;;;BANANAS;SEASHELLS;4860.0;1
213800;;;PEARLS;SEASHELLS;9998.0;1
213800;;;UKULELE;SEASHELLS;21157.0;2
213900;;;BANANAS;SEASHELLS;4860.0;1
214000;;;BANANAS;SEASHELLS;4865.0;1
214400;;;PEARLS;SEASHELLS;9998.0;1
214500;;;BAGUETTE;SEASHELLS;12053.0;4
214600;;;DIVING_GEAR;SEASHELLS;98939.0;1
214600;;;PICNIC_BASKET;SEASHELLS;73906.0;9
214700;;;COCONUTS;SEASHELLS;7950.0;10
214700;;;PEARLS;SEASHELLS;9998.0;1
214900;;;UKULELE;SEASHELLS;21144.0;1
215000;;;PEARLS;SEASHELLS;9998.0;1
215100;;;PEARLS;SEASHELLS;10002.0;1
215300;;;UKULELE;SEASHELLS;21139.0;2
215400;;;DIP;SEASHELLS;7089.0;9
215500;;;PEARLS;SEASHELLS;9996.0;1
215500;;;BANANAS;SEASHELLS;4860.0;2
215500;;;BANANAS;SEASHELLS;4860.0;1
215500;;;PEARLS;SEASHELLS;9998.0;1
215500;;;PEARLS;SEASHELLS;9996.0;1
215600;;;BAGUETTE;SEASHELLS;12041.0;4
215600;;;BERRIES;SEASHELLS;3905.0;2
215600;;;PEARLS;SEASHELLS;10002.0;1
215700;;;DIP;SEASHELLS;7091.0;3
215700;;;BANANAS;SEASHELLS;4859.0;8
215800;;;BAGUETTE;SEASHELLS;12042.0;5
215800;;;BANANAS;SEASHELLS;4859.0;18
215900;;;PICNIC_BASKET;SEASHELLS;73945.0;1
215900;;;PICNIC_BASKET;SEASHELLS;73944.0;5
215900;;;DIVING_GEAR;SEASHELLS;98948.0;3
216200;;;BANANAS;SEASHELLS;4860.0;1
216300;;;BANANAS;SEASHELLS;4860.0;20
216300;;;BAGUETTE;SEASHELLS;12036.0;8
216400;;;DIP;SEASHELLS;7092.0;6
216500;;;BANANAS;SEASHELLS;4865.0;1
216500;;;DIVING_GEAR;SEASHELLS;98938.0;1
216800;;;PINA_COLADAS;SEASHELLS;14963.0;5
216800;;;PINA_COLADAS;SEASHELLS;14963.0;28
216900;;;PICNIC_BASKET;SEASHELLS;73895.0;2
216900;;;BANANAS;SEASHELLS;4860.0;2
217000;;;BAGUETTE;SEASHELLS;12030.0;8
217100;;;BANANAS;SEASHELLS;4865.0;1
217100;;;DIVING_GEAR;SEASHELLS;98902.0;3
217100;;;BAGUETTE;SEASHELLS;12026.0;6
217200;;;PEARLS;SEASHELLS;9998.0;1
217300;;;BAGUETTE;SEASHELLS;12029.0;7
217400;;;PEARLS;SEASHELLS;10002.0;1
217400;;;BANANAS;SEASHELLS;4861.0;1
217500;;;BANANAS;SEASHELLS;4861.0;3
217500;;;DIVING_GEAR;SEASHELLS;98873.0;2
217600;;;BERRIES;SEASHELLS;3909.0;10
217700;;;PICNIC_BASKET;SEASHELLS;73841.0;6
217700;;;BANANAS;SEASHELLS;4861.0;1
218100;;;PEARLS;SEASHELLS;9996.0;1
218100;;;BANANAS;SEASHELLS;4861.0;1
218100;;;BAGUETTE;SEASHELLS;12027.0;3
218300;;;COCONUTS;SEASHELLS;7948.0;7
218300;;;PEARLS;SEASHELLS;10004.0;1
218300;;;DIVING_GEAR;SEASHELLS;98888.0;2
218300;;;BAGUETTE;SEASHELLS;12024.0;10
218400;;;PEARLS;SEASHELLS;10002.0;1
218400;;;UKULELE;SEASHELLS;21148.0;1
218400;;;BANANAS;SEASHELLS;4866.0;1
218400;;;DIVING_GEAR;SEASHELLS;98883.0;2
218600;;;UKULELE;SEASHELLS;21152.0;5
218800;;;BANANAS;SEASHELLS;4864.0;8
218800;;;BANANAS;SEASHELLS;4865.0;1
218900;;;DIVING_GEAR;SEASHELLS;98870.0;1
218900;;;PICNIC_BASKET;SEASHELLS;73850.0;1
219000;;;BAGUETTE;SEASHELLS;12024.0;5
219000;;;PEARLS;SEASHELLS;9996.0;1
219000;;;BANANAS;SEASHELLS;4864.0;1
219300;;;PEARLS;SEASHELLS;9998.0;2
219600;;;DIP;SEASHELLS;7082.0;7
220000;;;DIP;SEASHELLS;7082.0;7
220100;;;BERRIES;SEASHELLS;3894.0;26
220500;;;PEARLS;SEASHELLS;10002.0;1
220600;;;BANANAS;SEASHELLS;4864.0;1
220700;;;BANANAS;SEASHELLS;4866.0;4
220900;;;DIVING_GEAR;SEASHELLS;98910.0;3
221000;;;BAGUETTE;SEASHELLS;12045.0;4
221000;;;BANANAS;SEASHELLS;4871.0;2
221000;;;PEARLS;SEASHELLS;10005.0;2
221200;;;PEARLS;SEASHELLS;9996.0;2
221300;;;UKULELE;SEASHELLS;21157.0;4
221300;;;PEARLS;SEASHELLS;10004.0;2
221400;;;DIP;SEASHELLS;7077.0;4
221400;;;PEARLS;SEASHELLS;9995.0;6
221600;;;BAGUETTE;SEASHELLS;12053.0;4
221800;;;PEARLS;SEASHELLS;10004.0;1
221800;;;BANANAS;SEASHELLS;4864.0;9
221900;;;BANANAS;SEASHELLS;4865.0;4
222200;;;PICNIC_BASKET;SEASHELLS;73894.0;3
222400;;;BAGUETTE;SEASHELLS;12048.0;5
222700;;;DIP;SEASHELLS;7073.0;5
222700;;;BERRIES;SEASHELLS;3905.0;11
222700;;;BAGUETTE;SEASHELLS;12046.0;3
222900;;;DIVING_GEAR;SEASHELLS;98963.0;1
223000;;;BANANAS;SEASHELLS;4864.0;1
223200;;;UKULELE;SEASHELLS;21173.0;3
223300;;;BAGUETTE;SEASHELLS;12054.0;6
223300;;;PICNIC_BASKET;SEASHELLS;73819.0;1
223300;;;PICNIC_BASKET;SEASHELLS;73819.0;2
223400;;;BAGUETTE;SEASHELLS;12049.0;5
223400;;;BANANAS;SEASHELLS;4862.0;17
223500;;;BANANAS;SEASHELLS;4867.0;1
223600;;;BANANAS;SEASHELLS;4862.0;2
223600;;;BANANAS;SEASHELLS;4862.0;6
223600;;;BAGUETTE;SEASHELLS;12051.0;6
223600;;;PICNIC_BASKET;SEASHELLS;73802.0;2
223700;;;PEARLS;SEASHELLS;10002.0;1
223700;;;BANANAS;SEASHELLS;4863.0;10
223800;;;PICNIC_BASKET;SEASHELLS;73804.0;6
223800;;;UKULELE;SEASHELLS;21171.0;5
223800;;;BAGUETTE;SEASHELLS;12048.0;6
223800;;;DIP;SEASHELLS;7070.0;7
224300;;;COCONUTS;SEASHELLS;7946.0;44
224300;;;COCONUTS;SEASHELLS;7946.0;21
224300;;;BANANAS;SEASHELLS;4861.0;2
224300;;;BANANAS;SEASHELLS;4861.0;4
224400;;;DIP;SEASHELLS;7072.0;3
224400;;;PEARLS;SEASHELLS;10005.0;1
224400;;;BANANAS;SEASHELLS;4868.0;1
224500;;;BANANAS;SEASHELLS;4861.0;8
224700;;;DIP;SEASHELLS;7073.0;6
225000;;;DIP;SEASHELLS;7072.0;5
225100;;;BANANAS;SEASHELLS;4862.0;1
225200;;;BANANAS;SEASHELLS;4862.0;2
225200;;;PEARLS;SEASHELLS;9998.0;2
225300;;;PEARLS;SEASHELLS;9996.0;2
225300;;;PEARLS;SEASHELLS;9996.0;5
225300;;;DIVING_GEAR;SEASHELLS;98940.0;3
225300;;;PICNIC_BASKET;SEASHELLS;73868.0;6
225300;;;PICNIC_BASKET;SEASHELLS;73868.0;2
225500;;;PICNIC_BASKET;SEASHELLS;73834.0;2
225700;;;PEARLS;SEASHELLS;10002.0;1
225700;;;DIP;SEASHELLS;7074.0;10
225900;;;PEARLS;SEASHELLS;10002.0;2
226000;;;PEARLS;SEASHELLS;9998.0;1
226200;;;BANANAS;SEASHELLS;4863.0;1
226400;;;DIP;SEASHELLS;7072.0;4
226500;;;PICNIC_BASKET;SEASHELLS;73803.0;2
226500;;;PICNIC_BASKET;SEASHELLS;73802.0;1
226600;;;UKULELE;SEASHELLS;21149.0;1
226800;;;PINA_COLADAS;SEASHELLS;14959.0;5
226900;;;PEARLS;SEASHELLS;10002.0;1
226900;;;PEARLS;SEASHELLS;10002.0;3
226900;;;BANANAS;SEASHELLS;4865.0;1
226900;;;BANANAS;SEASHELLS;4865.0;4
227000;;;PEARLS;SEASHELLS;10002.0;1
227200;;;PEARLS;SEASHELLS;9995.0;1
227200;;;BANANAS;SEASHELLS;4861.0;1
227300;;;BAGUETTE;SEASHELLS;12020.0;4
227300;;;COCONUTS;SEASHELLS;7957.0;26
227300;;;PEARLS;SEASHELLS;9998.0;1
227500;;;BAGUETTE;SEASHELLS;12025.0;3
227600;;;BANANAS;SEASHELLS;4867.0;14
227700;;;BANANAS;SEASHELLS;4862.0;1
227800;;;PEARLS;SEASHELLS;10002.0;1
227900;;;PEARLS;SEASHELLS;9998.0;2
228000;;;BANANAS;SEASHELLS;4867.0;14
228100;;;BAGUETTE;SEASHELLS;12024.0;8
228200;;;BANANAS;SEASHELLS;4860.0;5
228200;;;PICNIC_BASKET;SEASHELLS;73732.0;2
228400;;;BANANAS;SEASHELLS;4864.0;1
228400;;;PEARLS;SEASHELLS;9998.0;2
228500;;;BAGUETTE;SEASHELLS;12021.0;4
228500;;;PICNIC_BASKET;SEASHELLS;73738.0;1
228700;;;BAGUETTE;SEASHELLS;12022.0;8
229100;;;UKULELE;SEASHELLS;21138.0;2
229100;;;BANANAS;SEASHELLS;4862.0;2
229100;;;BANANAS;SEASHELLS;4860.0;15
229100;;;PEARLS;SEASHELLS;10002.0;4
229400;;;BERRIES;SEASHELLS;3897.0;12
229500;;;BANANAS;SEASHELLS;4865.0;11
229500;;;PEARLS;SEASHELLS;9998.0;1
229500;;;DIVING_GEAR;SEASHELLS;98953.0;2
229700;;;UKULELE;SEASHELLS;21128.0;4
229800;;;PEARLS;SEASHELLS;10002.0;3
229800;;;PEARLS;SEASHELLS;10002.0;1
229800;;;PEARLS;SEASHELLS;10002.0;7
229800;;;BANANAS;SEASHELLS;4863.0;1
230000;;;BAGUETTE;SEASHELLS;12015.0;6
230000;;;PEARLS;SEASHELLS;9998.0;1
230000;;;PINA_COLADAS;SEASHELLS;14978.0;9
230100;;;BAGUETTE;SEASHELLS;12015.0;8
230300;;;BAGUETTE;SEASHELLS;12010.0;4
230400;;;BERRIES;SEASHELLS;3899.0;9
230500;;;BAGUETTE;SEASHELLS;12006.0;5
230500;;;BERRIES;SEASHELLS;3902.0;5
230500;;;DIP;SEASHELLS;7064.0;9
230700;;;PEARLS;SEASHELLS;9998.0;1
230900;;;BANANAS;SEASHELLS;4859.0;1
230900;;;PEARLS;SEASHELLS;10000.0;1
231200;;;DIVING_GEAR;SEASHELLS;98979.0;3
231500;;;BANANAS;SEASHELLS;4859.0;1
231600;;;BANANAS;SEASHELLS;4861.0;6
231900;;;BANANAS;SEASHELLS;4862.0;1
232000;;;BANANAS;SEASHELLS;4860.0;1
232000;;;PICNIC_BASKET;SEASHELLS;73614.0;2
232000;;;DIVING_GEAR;SEASHELLS;98993.0;1
232500;;;PEARLS;SEASHELLS;9996.0;1
232500;;;PEARLS;SEASHELLS;9996.0;1
232500;;;BANANAS;SEASHELLS;4860.0;1
232500;;;BANANAS;SEASHELLS;4860.0;1
232700;;;COCONUTS;SEASHELLS;7968.0;7
232800;;;BERRIES;SEASHELLS;3907.0;10
233000;;;BANANAS;SEASHELLS;4859.0;1
233100;;;PINA_COLADAS;SEASHELLS;14985.0;14
233200;;;DIP;SEASHELLS;7071.0;5
233300;;;BANANAS;SEASHELLS;4863.0;1
233300;;;BANANAS;SEASHELLS;4864.0;2
233300;;;PEARLS;SEASHELLS;9998.0;1
233300;;;PICNIC_BASKET;SEASHELLS;73674.0;1
233400;;;DIVING_GEAR;SEASHELLS;98970.0;2
233500;;;PEARLS;SEASHELLS;10002.0;2
233500;;;BANANAS;SEASHELLS;4863.0;1
233600;;;BANANAS;SEASHELLS;4859.0;9
233600;;;PEARLS;SEASHELLS;10004.0;9
233600;;;BANANAS;SEASHELLS;4859.0;3
233600;;;PEARLS;SEASHELLS;10004.0;2
233800;;;PICNIC_BASKET;SEASHELLS;73697.0;1
233900;;;PEARLS;SEASHELLS;10002.0;5
233900;;;DIP;SEASHELLS;7068.0;5
234000;;;PEARLS;SEASHELLS;10002.0;3
234000;;;BAGUETTE;SEASHELLS;12006.0;6
234100;;;DIP;SEASHELLS;7065.0;9
234200;;;DIVING_GEAR;SEASHELLS;98977.0;1
234300;;;PICNIC_BASKET;SEASHELLS;73684.0;1
234300;;;BANANAS;SEASHELLS;4858.0;1
234300;;;PEARLS;SEASHELLS;9995.0;1
234400;;;BANANAS;SEASHELLS;4859.0;1
234400;;;BANANAS;SEASHELLS;4865.0;1
234400;;;PEARLS;SEASHELLS;9995.0;1
234600;;;DIP;SEASHELLS;7062.0;8
234900;;;BANANAS;SEASHELLS;4859.0;1
235200;;;BAGUETTE;SEASHELLS;12013.0;4
235200;;;BANANAS;SEASHELLS;4860.0;1
235200;;;DIP;SEASHELLS;7056.0;11
235300;;;BANANAS;SEASHELLS;4864.0;1
235400;;;PEARLS;SEASHELLS;10002.0;1
235400;;;BANANAS;SEASHELLS;4859.0;1
235500;;;BERRIES;SEASHELLS;3907.0;3
235800;;;DIP;SEASHELLS;7051.0;7
235900;;;PEARLS;SEASHELLS;10002.0;1
236000;;;BAGUETTE;SEASHELLS;12011.0;5
236200;;;PEARLS;SEASHELLS;10002.0;1
236200;;;DIP;SEASHELLS;7053.0;5
236300;;;COCONUTS;SEASHELLS;7969.0;52
236400;;;DIVING_GEAR;SEASHELLS;98982.0;2
236500;;;BANANAS;SEASHELLS;4859.0;1
236500;;;PINA_COLADAS;SEASHELLS;14992.0;9
236600;;;PICNIC_BASKET;SEASHELLS;73651.0;2
236800;;;PINA_COLADAS;SEASHELLS;14995.0;4
236900;;;BANANAS;SEASHELLS;4865.0;12
237000;;;UKULELE;SEASHELLS;21106.0;5
237100;;;PEARLS;SEASHELLS;10004.0;1
237100;;;PEARLS;SEASHELLS;10004.0;1
237100;;;BANANAS;SEASHELLS;4865.0;1
237100;;;BANANAS;SEASHELLS;4865.0;1
237400;;;DIVING_GEAR;SEASHELLS;98993.0;3
237500;;;BANANAS;SEASHELLS;4864.0;4
237500;;;BANANAS;SEASHELLS;4864.0;1
237600;;;PINA_COLADAS;SEASHELLS;15004.0;2
237700;;;BANANAS;SEASHELLS;4859.0;1
237700;;;UKULELE;SEASHELLS;21104.0;3
238000;;;BAGUETTE;SEASHELLS;12020.0;7
238200;;;PEARLS;SEASHELLS;9998.0;9
238300;;;UKULELE;SEASHELLS;21102.0;2
238300;;;BANANAS;SEASHELLS;4861.0;1
238400;;;PEARLS;SEASHELLS;9998.0;1
238400;;;DIVING_GEAR;SEASHELLS;98974.0;1
238400;;;PEARLS;SEASHELLS;9998.0;1
238400;;;DIP;SEASHELLS;7055.0;3
238500;;;PEARLS;SEASHELLS;9996.0;2
238700;;;PEARLS;SEASHELLS;9998.0;9
238800;;;BAGUETTE;SEASHELLS;12018.0;8
238800;;;BANANAS;SEASHELLS;4862.0;1
238800;;;PICNIC_BASKET;SEASHELLS;73783.0;1
238800;;;PEARLS;SEASHELLS;10004.0;2
239200;;;BANANAS;SEASHELLS;4862.0;1
239200;;;COCONUTS;SEASHELLS;7966.0;60
239200;;;BANANAS;SEASHELLS;4864.0;2
239300;;;BANANAS;SEASHELLS;4866.0;4
239400;;;BANANAS;SEASHELLS;4862.0;1
239400;;;PEARLS;SEASHELLS;9998.0;1
239500;;;UKULELE;SEASHELLS;21108.0;4
239600;;;UKULELE;SEASHELLS;21109.0;10
239800;;;DIP;SEASHELLS;7056.0;10
239900;;;BANANAS;SEASHELLS;4866.0;4
240000;;;PEARLS;SEASHELLS;10005.0;4
240100;;;PICNIC_BASKET;SEASHELLS;73799.0;1
240100;;;PICNIC_BASKET;SEASHELLS;73800.0;1
240300;;;UKULELE;SEASHELLS;21092.0;1
240400;;;BANANAS;SEASHELLS;4861.0;9
240400;;;BANANAS;SEASHELLS;4861.0;1
240400;;;UKULELE;SEASHELLS;21093.0;3
240500;;;BERRIES;SEASHELLS;3905.0;3
240500;;;DIP;SEASHELLS;7058.0;7
240600;;;PEARLS;SEASHELLS;10004.0;2
240600;;;BANANAS;SEASHELLS;4861.0;1
240600;;;PEARLS;SEASHELLS;10004.0;10
241000;;;UKULELE;SEASHELLS;21097.0;3
241100;;;UKULELE;SEASHELLS;21097.0;2
241300;;;BANANAS;SEASHELLS;4860.0;18
241300;;;PEARLS;SEASHELLS;10002.0;1
241300;;;BANANAS;SEASHELLS;4859.0;1
241300;;;BANANAS;SEASHELLS;4860.0;1
241400;;;PEARLS;SEASHELLS;9998.0;1
241700;;;PEARLS;SEASHELLS;9996.0;1
241700;;;BERRIES;SEASHELLS;3902.0;8
241700;;;BANANAS;SEASHELLS;4859.0;1
241900;;;DIP;SEASHELLS;7061.0;3
241900;;;BANANAS;SEASHELLS;4864.0;1
242000;;;DIP;SEASHELLS;7064.0;10
242200;;;PEARLS;SEASHELLS;9998.0;1
242300;;;BANANAS;SEASHELLS;4865.0;1
242600;;;PEARLS;SEASHELLS;10002.0;1
242700;;;PEARLS;SEASHELLS;9996.0;1
242700;;;PEARLS;SEASHELLS;9996.0;1
242700;;;DIVING_GEAR;SEASHELLS;98993.0;2
242700;;;BANANAS;SEASHELLS;4859.0;2
242900;;;BANANAS;SEASHELLS;4865.0;1
243000;;;PEARLS;SEASHELLS;9998.0;1
243000;;;BANANAS;SEASHELLS;4860.0;2
243000;;;BANANAS;SEASHELLS;4860.0;1
243000;;;PEARLS;SEASHELLS;9995.0;2
243000;;;BANANAS;SEASHELLS;4862.0;3
243100;;;BANANAS;SEASHELLS;4861.0;1
243200;;;DIVING_GEAR;SEASHELLS;98998.0;2
243300;;;BERRIES;SEASHELLS;3902.0;20
243300;;;UKULELE;SEASHELLS;21102.0;4
243400;;;PEARLS;SEASHELLS;9998.0;1
243400;;;BANANAS;SEASHELLS;4866.0;1
243600;;;UKULELE;SEASHELLS;21105.0;2
243700;;;PEARLS;SEASHELLS;9996.0;6
243700;;;PEARLS;SEASHELLS;9996.0;1
243800;;;BERRIES;SEASHELLS;3907.0;1
244000;;;PICNIC_BASKET;SEASHELLS;73841.0;5
244100;;;UKULELE;SEASHELLS;21087.0;1
244100;;;DIVING_GEAR;SEASHELLS;99017.0;1
244200;;;UKULELE;SEASHELLS;21091.0;1
244300;;;PEARLS;SEASHELLS;10002.0;1
244400;;;PEARLS;SEASHELLS;10004.0;2
244400;;;BANANAS;SEASHELLS;4867.0;2
244400;;;PEARLS;SEASHELLS;10002.0;4
244600;;;BANANAS;SEASHELLS;4867.0;1
244600;;;PEARLS;SEASHELLS;9998.0;5
244800;;;BANANAS;SEASHELLS;4863.0;1
244800;;;DIP;SEASHELLS;7058.0;8
244800;;;PEARLS;SEASHELLS;9995.0;2
244800;;;BANANAS;SEASHELLS;4862.0;2
244900;;;PEARLS;SEASHELLS;9995.0;2
244900;;;PEARLS;SEASHELLS;10005.0;8
244900;;;BANANAS;SEASHELLS;4867.0;1
244900;;;DIP;SEASHELLS;7059.0;12
244900;;;BANANAS;SEASHELLS;4862.0;2
245000;;;PEARLS;SEASHELLS;9998.0;5
245000;;;DIP;SEASHELLS;7058.0;6
245600;;;BANANAS;SEASHELLS;4867.0;1
245600;;;DIP;SEASHELLS;7057.0;4
245600;;;UKULELE;SEASHELLS;21107.0;11
245800;;;BAGUETTE;SEASHELLS;12001.0;4
245800;;;BANANAS;SEASHELLS;4861.0;1
245900;;;BAGUETTE;SEASHELLS;12002.0;6
245900;;;PICNIC_BASKET;SEASHELLS;73785.0;5
245900;;;PINA_COLADAS;SEASHELLS;14984.0;23
245900;;;PICNIC_BASKET;SEASHELLS;73786.0;2
246000;;;BANANAS;SEASHELLS;4867.0;1
246100;;;PEARLS;SEASHELLS;9998.0;5
246300;;;BERRIES;SEASHELLS;3908.0;14
246500;;;PEARLS;SEASHELLS;9998.0;4
246700;;;COCONUTS;SEASHELLS;7960.0;14
247100;;;BAGUETTE;SEASHELLS;12010.0;8
247100;;;PEARLS;SEASHELLS;9995.0;4
247200;;;DIP;SEASHELLS;7060.0;4
247300;;;DIP;SEASHELLS;7058.0;12
247300;;;DIVING_GEAR;SEASHELLS;98997.0;3
247400;;;BAGUETTE;SEASHELLS;12011.0;6
247400;;;DIP;SEASHELLS;7059.0;9
247400;;;UKULELE;SEASHELLS;21103.0;6
247500;;;DIP;SEASHELLS;7059.0;5
247600;;;BAGUETTE;SEASHELLS;12009.0;6
247800;;;UKULELE;SEASHELLS;21114.0;3
247900;;;UKULELE;SEASHELLS;21114.0;5
247900;;;PEARLS;SEASHELLS;10004.0;2
247900;;;PEARLS;SEASHELLS;10004.0;2
248100;;;UKULELE;SEASHELLS;21120.0;5
248300;;;UKULELE;SEASHELLS;21124.0;11
248500;;;PICNIC_BASKET;SEASHELLS;73794.0;6
248500;;;PICNIC_BASKET;SEASHELLS;73795.0;2
248500;;;DIVING_GEAR;SEASHELLS;99021.0;3
248900;;;UKULELE;SEASHELLS;21115.0;1
249200;;;PEARLS;SEASHELLS;9995.0;2
249200;;;BAGUETTE;SEASHELLS;12006.0;4
249300;;;DIP;SEASHELLS;7073.0;7
249300;;;BANANAS;SEASHELLS;4857.0;1
249300;;;PEARLS;SEASHELLS;10002.0;1
249400;;;DIP;SEASHELLS;7075.0;8
249400;;;PINA_COLADAS;SEASHELLS;14995.0;4
249400;;;BAGUETTE;SEASHELLS;12008.0;6
249700;;;UKULELE;SEASHELLS;21114.0;1
249800;;;PINA_COLADAS;SEASHELLS;14990.0;2
250000;;;PEARLS;SEASHELLS;9998.0;1
250000;;;COCONUTS;SEASHELLS;7964.0;10
250000;;;BANANAS;SEASHELLS;4860.0;1
250100;;;BANANAS;SEASHELLS;4859.0;3
250200;;;PEARLS;SEASHELLS;10002.0;3
250200;;;BANANAS;SEASHELLS;4855.0;16
250200;;;BANANAS;SEASHELLS;4855.0;4
250200;;;BAGUETTE;SEASHELLS;12004.0;6
250300;;;DIVING_GEAR;SEASHELLS;99070.0;2
250300;;;COCONUTS;SEASHELLS;7963.0;9
250400;;;BERRIES;SEASHELLS;3909.0;11
250500;;;PEARLS;SEASHELLS;10004.0;1
250500;;;PICNIC_BASKET;SEASHELLS;73797.0;2
250500;;;BANANAS;SEASHELLS;4861.0;1
250500;;;BANANAS;SEASHELLS;4855.0;1
250600;;;BANANAS;SEASHELLS;4859.0;11
251000;;;BAGUETTE;SEASHELLS;12009.0;5
251000;;;DIP;SEASHELLS;7071.0;5
251100;;;UKULELE;SEASHELLS;21091.0;5
251100;;;DIVING_GEAR;SEASHELLS;99026.0;1
251200;;;BANANAS;SEASHELLS;4862.0;1
