timestamp;buyer;seller;symbol;currency;price;quantity
100;Paris;Camilla;PEARLS;SEASHELLS;10002.0;1
300;Charlie;Pablo;PEARLS;SEASHELLS;9998.0;2
300;Charlie;Paris;PEARLS;SEASHELLS;9998.0;1
400;Penelope;Charlie;BANANAS;SEASHELLS;4899.0;9
500;Paris;Charlie;BANANAS;SEASHELLS;4899.0;1
500;Paris;Caesar;PEARLS;SEASHELLS;10004.0;1
500;Paris;Charlie;PEARLS;SEASHELLS;10002.0;1
1400;Caesar;Paris;BANANAS;SEASHELLS;4891.0;1
1500;Paris;Charlie;BANANAS;SEASHELLS;4896.0;1
1500;Paris;Charlie;PEARLS;SEASHELLS;10002.0;1
1700;Penelope;Charlie;PEARLS;SEASHELLS;10005.0;6
2200;Gary;Charlie;BANANAS;SEASHELLS;4896.0;16
2400;Pablo;Charlie;BANANAS;SEASHELLS;4894.0;3
2500;Charlie;Pablo;BANANAS;SEASHELLS;4891.0;5
2700;Camilla;Pablo;PEARLS;SEASHELLS;9998.0;5
2800;Paris;Charlie;BANANAS;SEASHELLS;4895.0;1
2900;Gina;Paris;PEARLS;SEASHELLS;9998.0;1
3100;Charlie;Paris;BANANAS;SEASHELLS;4891.0;1
3300;Caesar;Gary;PEARLS;SEASHELLS;9996.0;2
3300;Penelope;Gary;PEARLS;SEASHELLS;9996.0;2
3700;Paris;Camilla;BANANAS;SEASHELLS;4897.0;1
4200;Caesar;Gina;BANANAS;SEASHELLS;4893.0;2
4200;Charlie;Gina;BANANAS;SEASHELLS;4893.0;10
4300;Charlie;Paris;BANANAS;SEASHELLS;4892.0;1
4300;Caesar;Penelope;PEARLS;SEASHELLS;9996.0;2
4300;Charlie;Penelope;PEARLS;SEASHELLS;9996.0;1
4300;Charlie;Paris;PEARLS;SEASHELLS;9995.0;1
4400;Caesar;Paris;BANANAS;SEASHELLS;4893.0;1
4400;Charlie;Paris;PEARLS;SEASHELLS;9998.0;1
4700;Charlie;Gina;BANANAS;SEASHELLS;4893.0;8
4700;Camilla;Gina;BANANAS;SEASHELLS;4893.0;4
4800;Paris;Charlie;BANANAS;SEASHELLS;4898.0;1
4800;Pablo;Charlie;PEARLS;SEASHELLS;10002.0;3
4900;Charlie;Pablo;PEARLS;SEASHELLS;9998.0;4
4900;Paris;Pablo;PEARLS;SEASHELLS;9998.0;1
5100;Paris;Pablo;BANANAS;SEASHELLS;4894.0;1
5100;Camilla;Pablo;BANANAS;SEASHELLS;4894.0;2
6200;Charlie;Gina;BANANAS;SEASHELLS;4895.0;12
6200;Caesar;Gina;BANANAS;SEASHELLS;4895.0;1
6300;Penelope;Charlie;BANANAS;SEASHELLS;4901.0;6
6300;Charlie;Paris;BANANAS;SEASHELLS;4894.0;1
6600;Gary;Charlie;BANANAS;SEASHELLS;4901.0;18
6700;Pablo;Charlie;PEARLS;SEASHELLS;10002.0;4
6800;Caesar;Paris;PEARLS;SEASHELLS;9996.0;1
6800;Camilla;Gary;PEARLS;SEASHELLS;9998.0;1
6800;Charlie;Paris;PEARLS;SEASHELLS;9996.0;1
6800;Camilla;Paris;BANANAS;SEASHELLS;4894.0;1
6800;Charlie;Paris;BANANAS;SEASHELLS;4894.0;1
7200;Paris;Caesar;BANANAS;SEASHELLS;4899.0;1
7200;Paris;Caesar;PEARLS;SEASHELLS;10004.0;1
7400;Paris;Charlie;PEARLS;SEASHELLS;10002.0;1
7600;Caesar;Penelope;BANANAS;SEASHELLS;4895.0;2
7700;Paris;Charlie;BANANAS;SEASHELLS;4900.0;1
7700;Paris;Charlie;BANANAS;SEASHELLS;4901.0;1
7700;Paris;Charlie;PEARLS;SEASHELLS;10005.0;1
7800;Paris;Charlie;BANANAS;SEASHELLS;4900.0;1
7900;Paris;Camilla;BANANAS;SEASHELLS;4900.0;1
7900;Paris;Camilla;PEARLS;SEASHELLS;10002.0;1
8200;Pablo;Camilla;BANANAS;SEASHELLS;4901.0;2
8200;Charlie;Pablo;PEARLS;SEASHELLS;9998.0;1
8700;Charlie;Pablo;BANANAS;SEASHELLS;4898.0;1
8900;Pablo;Charlie;PEARLS;SEASHELLS;10002.0;5
9600;Charlie;Paris;BANANAS;SEASHELLS;4896.0;1
10300;Paris;Caesar;PEARLS;SEASHELLS;10004.0;2
10300;Paris;Pablo;BANANAS;SEASHELLS;4896.0;2
10600;Charlie;Paris;PEARLS;SEASHELLS;9998.0;1
10600;Charlie;Pablo;PEARLS;SEASHELLS;9998.0;1
10800;Paris;Charlie;PEARLS;SEASHELLS;10002.0;1
10800;Camilla;Paris;BANANAS;SEASHELLS;4895.0;1
11100;Caesar;Penelope;PEARLS;SEASHELLS;9996.0;2
11300;Pablo;Charlie;BANANAS;SEASHELLS;4898.0;1
11400;Camilla;Paris;PEARLS;SEASHELLS;9998.0;1
12100;Paris;Camilla;PEARLS;SEASHELLS;10002.0;1
12300;Paris;Caesar;PEARLS;SEASHELLS;10002.0;1
12500;Pablo;Charlie;PEARLS;SEASHELLS;10002.0;5
13700;Caesar;Paris;PEARLS;SEASHELLS;9998.0;1
14000;Caesar;Paris;PEARLS;SEASHELLS;9996.0;1
14000;Paris;Paris;BANANAS;SEASHELLS;4899.0;1
14300;Caesar;Paris;BANANAS;SEASHELLS;4894.0;1
14500;Charlie;Paris;BANANAS;SEASHELLS;4894.0;1
14800;Caesar;Paris;BANANAS;SEASHELLS;4894.0;1
15100;Paris;Charlie;BANANAS;SEASHELLS;4899.0;1
15100;Paris;Charlie;PEARLS;SEASHELLS;10002.0;1
15400;Paris;Camilla;PEARLS;SEASHELLS;10002.0;1
15400;Paris;Camilla;BANANAS;SEASHELLS;4898.0;1
15800;Camilla;Pablo;PEARLS;SEASHELLS;9998.0;4
16000;Charlie;Penelope;BANANAS;SEASHELLS;4892.0;10
16700;Charlie;Paris;BANANAS;SEASHELLS;4893.0;1
16800;Paris;Camilla;BANANAS;SEASHELLS;4898.0;2
16800;Paris;Camilla;PEARLS;SEASHELLS;10002.0;2
17100;Camilla;Paris;BANANAS;SEASHELLS;4894.0;1
17300;Penelope;Pablo;BANANAS;SEASHELLS;4895.0;2
17300;Charlie;Paris;PEARLS;SEASHELLS;9998.0;1
18600;Paris;Camilla;PEARLS;SEASHELLS;10002.0;1
18900;Paris;Caesar;PEARLS;SEASHELLS;10004.0;1
18900;Paris;Charlie;BANANAS;SEASHELLS;4901.0;2
19000;Charlie;Paris;BANANAS;SEASHELLS;4894.0;1
20100;Camilla;Paris;PEARLS;SEASHELLS;9998.0;1
20300;Charlie;Penelope;BANANAS;SEASHELLS;4893.0;10
20600;Paris;Caesar;PEARLS;SEASHELLS;10004.0;1
20600;Paris;Charlie;BANANAS;SEASHELLS;4899.0;1
20800;Paris;Charlie;BANANAS;SEASHELLS;4896.0;1
20900;Penelope;Caesar;PEARLS;SEASHELLS;10004.0;1
21100;Caesar;Paris;BANANAS;SEASHELLS;4891.0;1
21100;Camilla;Paris;BANANAS;SEASHELLS;4891.0;1
21100;Charlie;Paris;PEARLS;SEASHELLS;9998.0;1
21100;Camilla;Paris;PEARLS;SEASHELLS;9998.0;1
21300;Charlie;Paris;BANANAS;SEASHELLS;4891.0;1
21500;Pablo;Charlie;BANANAS;SEASHELLS;4896.0;4
21600;Paris;Charlie;PEARLS;SEASHELLS;10002.0;1
21600;Caesar;Paris;BANANAS;SEASHELLS;4892.0;1
21800;Camilla;Paris;BANANAS;SEASHELLS;4893.0;1
21900;Caesar;Paris;BANANAS;SEASHELLS;4893.0;1
21900;Caesar;Paris;PEARLS;SEASHELLS;9996.0;1
22000;Caesar;Paris;BANANAS;SEASHELLS;4892.0;1
22000;Penelope;Caesar;PEARLS;SEASHELLS;10000.0;2
22100;Charlie;Paris;BANANAS;SEASHELLS;4892.0;1
22100;Caesar;Paris;PEARLS;SEASHELLS;9996.0;1
22400;Pablo;Paris;PEARLS;SEASHELLS;10002.0;1
22400;Pablo;Charlie;PEARLS;SEASHELLS;10002.0;2
22500;Gina;Charlie;PEARLS;SEASHELLS;10002.0;6
23200;Charlie;Gary;BANANAS;SEASHELLS;4891.0;14
23200;Charlie;Paris;PEARLS;SEASHELLS;9998.0;1
23600;Pablo;Camilla;BANANAS;SEASHELLS;4895.0;3
23900;Paris;Charlie;BANANAS;SEASHELLS;4896.0;1
24200;Camilla;Paris;PEARLS;SEASHELLS;9998.0;1
24300;Paris;Charlie;PEARLS;SEASHELLS;10002.0;1
24300;Pablo;Charlie;PEARLS;SEASHELLS;10002.0;5
24500;Charlie;Paris;PEARLS;SEASHELLS;9998.0;1
24500;Pablo;Charlie;BANANAS;SEASHELLS;4894.0;4
24500;Charlie;Pablo;PEARLS;SEASHELLS;9998.0;1
24500;Pablo;Paris;BANANAS;SEASHELLS;4894.0;1
24700;Paris;Caesar;BANANAS;SEASHELLS;4896.0;1
24700;Paris;Caesar;PEARLS;SEASHELLS;10004.0;1
25100;Caesar;Penelope;BANANAS;SEASHELLS;4892.0;6
25100;Paris;Penelope;BANANAS;SEASHELLS;4892.0;2
25100;Charlie;Penelope;BANANAS;SEASHELLS;4892.0;1
25100;Paris;Charlie;PEARLS;SEASHELLS;10005.0;2
25200;Charlie;Paris;BANANAS;SEASHELLS;4890.0;1
25300;Caesar;Paris;BANANAS;SEASHELLS;4890.0;1
25300;Caesar;Paris;PEARLS;SEASHELLS;9996.0;1
25400;Paris;Caesar;PEARLS;SEASHELLS;10004.0;1
25400;Paris;Charlie;BANANAS;SEASHELLS;4896.0;1
26400;Charlie;Paris;BANANAS;SEASHELLS;4888.0;1
26500;Paris;Camilla;BANANAS;SEASHELLS;4893.0;1
26500;Paris;Camilla;PEARLS;SEASHELLS;10002.0;2
26500;Paris;Camilla;BANANAS;SEASHELLS;4893.0;2
26600;Pablo;Charlie;PEARLS;SEASHELLS;10002.0;3
26900;Charlie;Pablo;PEARLS;SEASHELLS;9998.0;1
27200;Pablo;Charlie;BANANAS;SEASHELLS;4893.0;3
27400;Penelope;Caesar;PEARLS;SEASHELLS;10004.0;1
27500;Charlie;Pablo;BANANAS;SEASHELLS;4890.0;1
27600;Charlie;Paris;PEARLS;SEASHELLS;9998.0;1
27700;Penelope;Charlie;BANANAS;SEASHELLS;4895.0;3
27700;Charlie;Penelope;PEARLS;SEASHELLS;9996.0;4
27700;Caesar;Penelope;PEARLS;SEASHELLS;9996.0;2
27900;Charlie;Pablo;PEARLS;SEASHELLS;9998.0;4
28000;Paris;Camilla;BANANAS;SEASHELLS;4893.0;1
28000;Paris;Camilla;PEARLS;SEASHELLS;10002.0;1
28100;Charlie;Paris;PEARLS;SEASHELLS;9995.0;1
28100;Charlie;Paris;BANANAS;SEASHELLS;4888.0;1
28600;Camilla;Paris;BANANAS;SEASHELLS;4888.0;1
28700;Caesar;Penelope;PEARLS;SEASHELLS;9996.0;1
28700;Charlie;Penelope;PEARLS;SEASHELLS;9996.0;7
29000;Paris;Charlie;BANANAS;SEASHELLS;4894.0;1
29000;Paris;Charlie;PEARLS;SEASHELLS;10005.0;1
29200;Pablo;Camilla;PEARLS;SEASHELLS;10002.0;1
29200;Pablo;Paris;PEARLS;SEASHELLS;10002.0;1
29300;Charlie;Paris;BANANAS;SEASHELLS;4888.0;1
29400;Pablo;Charlie;BANANAS;SEASHELLS;4892.0;4
29900;Pablo;Caesar;PEARLS;SEASHELLS;10002.0;4
30000;Paris;Camilla;BANANAS;SEASHELLS;4893.0;1
30600;Penelope;Charlie;BANANAS;SEASHELLS;4893.0;2
30700;Pablo;Charlie;BANANAS;SEASHELLS;4891.0;3
30700;Pablo;Paris;BANANAS;SEASHELLS;4891.0;1
31200;Caesar;Paris;BANANAS;SEASHELLS;4887.0;1
31500;Charlie;Paris;BANANAS;SEASHELLS;4888.0;1
31700;Charlie;Pablo;PEARLS;SEASHELLS;9998.0;3
31700;Paris;Pablo;PEARLS;SEASHELLS;9998.0;1
31700;Paris;Camilla;BANANAS;SEASHELLS;4892.0;1
32000;Paris;Caesar;PEARLS;SEASHELLS;10002.0;1
32200;Paris;Camilla;BANANAS;SEASHELLS;4892.0;1
32300;Paris;Camilla;PEARLS;SEASHELLS;10002.0;1
32400;Caesar;Paris;BANANAS;SEASHELLS;4886.0;1
32700;Paris;Penelope;PEARLS;SEASHELLS;10002.0;1
33600;Charlie;Paris;BANANAS;SEASHELLS;4885.0;1
33700;Camilla;Paris;PEARLS;SEASHELLS;9998.0;1
33700;Camilla;Gina;BANANAS;SEASHELLS;4885.0;7
33800;Pablo;Charlie;PEARLS;SEASHELLS;10002.0;1
33900;Paris;Charlie;PEARLS;SEASHELLS;10005.0;2
33900;Paris;Charlie;BANANAS;SEASHELLS;4891.0;2
34100;Caesar;Gina;BANANAS;SEASHELLS;4885.0;1
34200;Caesar;Paris;BANANAS;SEASHELLS;4885.0;1
34200;Charlie;Paris;PEARLS;SEASHELLS;9995.0;2
34200;Caesar;Penelope;PEARLS;SEASHELLS;9996.0;1
34200;Charlie;Paris;BANANAS;SEASHELLS;4885.0;1
34200;Charlie;Penelope;PEARLS;SEASHELLS;9996.0;2
34300;Caesar;Paris;BANANAS;SEASHELLS;4885.0;1
34400;Charlie;Paris;BANANAS;SEASHELLS;4884.0;1
34700;Charlie;Pablo;PEARLS;SEASHELLS;9998.0;5
34800;Pablo;Charlie;PEARLS;SEASHELLS;10002.0;1
34900;Charlie;Paris;BANANAS;SEASHELLS;4884.0;1
34900;Charlie;Penelope;BANANAS;SEASHELLS;4884.0;2
35500;Charlie;Paris;BANANAS;SEASHELLS;4883.0;1
35600;Camilla;Paris;BANANAS;SEASHELLS;4883.0;1
35700;Pablo;Camilla;PEARLS;SEASHELLS;10002.0;1
35700;Paris;Penelope;PEARLS;SEASHELLS;10002.0;1
35900;Paris;Pablo;BANANAS;SEASHELLS;4884.0;1
36000;Charlie;Paris;PEARLS;SEASHELLS;9998.0;1
36300;Charlie;Paris;BANANAS;SEASHELLS;4884.0;1
36500;Caesar;Penelope;PEARLS;SEASHELLS;9996.0;1
36700;Gina;Paris;BANANAS;SEASHELLS;4889.0;1
36700;Gina;Paris;BANANAS;SEASHELLS;4885.0;1
36700;Paris;Paris;PEARLS;SEASHELLS;10002.0;1
36800;Paris;Charlie;PEARLS;SEASHELLS;10002.0;1
37100;Paris;Charlie;BANANAS;SEASHELLS;4889.0;1
37200;Camilla;Paris;PEARLS;SEASHELLS;9998.0;1
37300;Gina;Camilla;PEARLS;SEASHELLS;10002.0;7
37300;Gina;Charlie;PEARLS;SEASHELLS;10002.0;5
37700;Paris;Charlie;BANANAS;SEASHELLS;4888.0;1
37800;Charlie;Penelope;BANANAS;SEASHELLS;4883.0;4
37900;Paris;Pablo;BANANAS;SEASHELLS;4884.0;1
38100;Charlie;Paris;BANANAS;SEASHELLS;4883.0;1
38200;Charlie;Gina;PEARLS;SEASHELLS;9998.0;2
38200;Camilla;Gina;PEARLS;SEASHELLS;9998.0;5
38300;Charlie;Penelope;BANANAS;SEASHELLS;4883.0;6
38400;Charlie;Paris;BANANAS;SEASHELLS;4883.0;1
38500;Paris;Charlie;PEARLS;SEASHELLS;10002.0;1
38500;Paris;Charlie;BANANAS;SEASHELLS;4888.0;1
38600;Pablo;Charlie;PEARLS;SEASHELLS;10002.0;5
38900;Pablo;Camilla;PEARLS;SEASHELLS;10002.0;4
39400;Paris;Charlie;BANANAS;SEASHELLS;4891.0;1
39400;Paris;Caesar;PEARLS;SEASHELLS;10004.0;1
39600;Penelope;Charlie;PEARLS;SEASHELLS;10005.0;2
39700;Gary;Charlie;PEARLS;SEASHELLS;10005.0;8
39700;Charlie;Penelope;PEARLS;SEASHELLS;9995.0;2
39700;Paris;Charlie;BANANAS;SEASHELLS;4890.0;1
39700;Paris;Charlie;PEARLS;SEASHELLS;10005.0;1
40000;Pablo;Charlie;BANANAS;SEASHELLS;4888.0;5
40100;Paris;Charlie;PEARLS;SEASHELLS;10002.0;1
40300;Caesar;Penelope;PEARLS;SEASHELLS;9996.0;1
40300;Charlie;Penelope;PEARLS;SEASHELLS;9996.0;5
41000;Charlie;Caesar;BANANAS;SEASHELLS;4886.0;4
41400;Charlie;Paris;BANANAS;SEASHELLS;4885.0;1
41500;Camilla;Paris;PEARLS;SEASHELLS;9998.0;1
42200;Charlie;Paris;BANANAS;SEASHELLS;4887.0;2
42200;Charlie;Paris;PEARLS;SEASHELLS;9995.0;2
42300;Paris;Charlie;PEARLS;SEASHELLS;10005.0;1
42300;Paris;Charlie;BANANAS;SEASHELLS;4892.0;1
42300;Paris;Charlie;BANANAS;SEASHELLS;4894.0;1
42500;Charlie;Penelope;BANANAS;SEASHELLS;4886.0;3
42500;Charlie;Paris;BANANAS;SEASHELLS;4886.0;1
42700;Charlie;Paris;BANANAS;SEASHELLS;4886.0;1
43200;Paris;Caesar;PEARLS;SEASHELLS;10002.0;1
43400;Charlie;Paris;BANANAS;SEASHELLS;4887.0;1
43800;Charlie;Paris;PEARLS;SEASHELLS;9998.0;1
44000;Pablo;Charlie;PEARLS;SEASHELLS;10002.0;4
44100;Charlie;Paris;BANANAS;SEASHELLS;4886.0;2
44100;Caesar;Paris;PEARLS;SEASHELLS;9996.0;2
44100;Charlie;Paris;BANANAS;SEASHELLS;4887.0;1
44200;Camilla;Penelope;PEARLS;SEASHELLS;9998.0;2
44500;Caesar;Paris;PEARLS;SEASHELLS;9996.0;1
44500;Charlie;Paris;BANANAS;SEASHELLS;4886.0;1
44700;Caesar;Paris;PEARLS;SEASHELLS;9996.0;1
44700;Charlie;Paris;BANANAS;SEASHELLS;4886.0;1
45100;Charlie;Paris;PEARLS;SEASHELLS;9998.0;1
45300;Penelope;Paris;PEARLS;SEASHELLS;9998.0;1
45300;Charlie;Paris;BANANAS;SEASHELLS;4888.0;1
45600;Paris;Charlie;BANANAS;SEASHELLS;4894.0;1
46000;Charlie;Pablo;PEARLS;SEASHELLS;9998.0;5
46000;Caesar;Penelope;PEARLS;SEASHELLS;9996.0;2
46000;Charlie;Penelope;PEARLS;SEASHELLS;9996.0;1
46100;Charlie;Paris;BANANAS;SEASHELLS;4891.0;1
46200;Charlie;Pablo;BANANAS;SEASHELLS;4892.0;2
46500;Charlie;Paris;BANANAS;SEASHELLS;4891.0;1
46800;Camilla;Paris;PEARLS;SEASHELLS;9998.0;1
46900;Paris;Charlie;BANANAS;SEASHELLS;4895.0;1
47000;Charlie;Paris;PEARLS;SEASHELLS;9995.0;2
47000;Charlie;Paris;BANANAS;SEASHELLS;4889.0;2
47100;Camilla;Paris;BANANAS;SEASHELLS;4890.0;1
47200;Paris;Charlie;BANANAS;SEASHELLS;4895.0;1
47600;Charlie;Paris;BANANAS;SEASHELLS;4889.0;2
47600;Charlie;Paris;PEARLS;SEASHELLS;9995.0;2
47700;Charlie;Pablo;PEARLS;SEASHELLS;9998.0;1
48300;Paris;Charlie;BANANAS;SEASHELLS;4895.0;1
48700;Pablo;Charlie;PEARLS;SEASHELLS;10002.0;2
48900;Camilla;Paris;BANANAS;SEASHELLS;4890.0;1
49100;Camilla;Paris;BANANAS;SEASHELLS;4891.0;2
49100;Camilla;Paris;PEARLS;SEASHELLS;9998.0;2
49300;Paris;Charlie;BANANAS;SEASHELLS;4896.0;1
49700;Paris;Camilla;PEARLS;SEASHELLS;10002.0;1
49800;Gary;Paris;PEARLS;SEASHELLS;9998.0;1
49900;Paris;Camilla;PEARLS;SEASHELLS;10002.0;1
50100;Paris;Caesar;PEARLS;SEASHELLS;10004.0;2
50100;Paris;Charlie;BANANAS;SEASHELLS;4896.0;2
50300;Paris;Camilla;PEARLS;SEASHELLS;10002.0;1
50400;Pablo;Charlie;PEARLS;SEASHELLS;10002.0;4
50600;Paris;Charlie;BANANAS;SEASHELLS;4895.0;1
50700;Charlie;Pablo;BANANAS;SEASHELLS;4891.0;1
50800;Charlie;Paris;PEARLS;SEASHELLS;9998.0;1
52300;Paris;Camilla;BANANAS;SEASHELLS;4897.0;1
52700;Charlie;Pablo;PEARLS;SEASHELLS;9998.0;1
52700;Charlie;Paris;PEARLS;SEASHELLS;9995.0;2
52700;Charlie;Paris;BANANAS;SEASHELLS;4891.0;2
53400;Charlie;Paris;BANANAS;SEASHELLS;4893.0;1
53600;Camilla;Gary;PEARLS;SEASHELLS;9998.0;2
53600;Camilla;Paris;BANANAS;SEASHELLS;4893.0;1
54400;Charlie;Paris;BANANAS;SEASHELLS;4892.0;1
54500;Charlie;Paris;BANANAS;SEASHELLS;4892.0;1
54700;Camilla;Paris;PEARLS;SEASHELLS;9998.0;1
55000;Paris;Pablo;PEARLS;SEASHELLS;9998.0;1
55000;Paris;Charlie;BANANAS;SEASHELLS;4900.0;1
55900;Penelope;Charlie;BANANAS;SEASHELLS;4901.0;3
56600;Gary;Caesar;PEARLS;SEASHELLS;10004.0;1
56700;Charlie;Paris;BANANAS;SEASHELLS;4894.0;1
56800;Charlie;Paris;BANANAS;SEASHELLS;4894.0;1
57000;Charlie;Paris;BANANAS;SEASHELLS;4893.0;2
57000;Charlie;Paris;PEARLS;SEASHELLS;9995.0;2
57000;Charlie;Penelope;BANANAS;SEASHELLS;4893.0;4
57200;Charlie;Caesar;BANANAS;SEASHELLS;4896.0;2
57300;Paris;Charlie;PEARLS;SEASHELLS;10002.0;1
57400;Charlie;Paris;BANANAS;SEASHELLS;4893.0;1
58000;Camilla;Paris;BANANAS;SEASHELLS;4893.0;1
58100;Charlie;Paris;BANANAS;SEASHELLS;4893.0;1
58800;Camilla;Paris;PEARLS;SEASHELLS;9998.0;1
58900;Charlie;Paris;PEARLS;SEASHELLS;9998.0;1
59000;Camilla;Gina;PEARLS;SEASHELLS;9998.0;9
59100;Charlie;Pablo;PEARLS;SEASHELLS;9998.0;2
59100;Charlie;Gina;BANANAS;SEASHELLS;4894.0;12
59300;Paris;Pablo;PEARLS;SEASHELLS;9998.0;1
59300;Caesar;Pablo;PEARLS;SEASHELLS;9998.0;2
59400;Pablo;Camilla;PEARLS;SEASHELLS;10002.0;3
59900;Paris;Caesar;PEARLS;SEASHELLS;10004.0;2
59900;Paris;Charlie;PEARLS;SEASHELLS;10002.0;1
59900;Paris;Charlie;BANANAS;SEASHELLS;4900.0;2
60100;Charlie;Paris;PEARLS;SEASHELLS;9998.0;1
60200;Caesar;Paris;PEARLS;SEASHELLS;9998.0;1
60400;Caesar;Pablo;PEARLS;SEASHELLS;9998.0;2
60500;Caesar;Paris;PEARLS;SEASHELLS;9996.0;1
60500;Charlie;Paris;BANANAS;SEASHELLS;4893.0;1
61000;Paris;Charlie;BANANAS;SEASHELLS;4900.0;1
61000;Paris;Caesar;PEARLS;SEASHELLS;10004.0;1
61100;Charlie;Pablo;BANANAS;SEASHELLS;4895.0;2
61500;Gina;Charlie;PEARLS;SEASHELLS;10002.0;6
62200;Camilla;Paris;BANANAS;SEASHELLS;4892.0;1
62800;Charlie;Gary;PEARLS;SEASHELLS;9996.0;7
62800;Caesar;Gary;PEARLS;SEASHELLS;9996.0;1
62900;Paris;Charlie;BANANAS;SEASHELLS;4900.0;1
62900;Paris;Caesar;PEARLS;SEASHELLS;10004.0;1
63000;Gary;Caesar;BANANAS;SEASHELLS;4899.0;2
63500;Charlie;Paris;PEARLS;SEASHELLS;9998.0;1
63700;Camilla;Paris;PEARLS;SEASHELLS;9998.0;1
63700;Camilla;Paris;BANANAS;SEASHELLS;4895.0;1
63800;Charlie;Paris;BANANAS;SEASHELLS;4894.0;1
63900;Penelope;Paris;BANANAS;SEASHELLS;4895.0;1
64300;Penelope;Charlie;BANANAS;SEASHELLS;4902.0;5
64400;Charlie;Paris;BANANAS;SEASHELLS;4894.0;1
64600;Charlie;Paris;BANANAS;SEASHELLS;4895.0;1
64900;Charlie;Paris;BANANAS;SEASHELLS;4895.0;1
65100;Paris;Caesar;PEARLS;SEASHELLS;10004.0;1
65100;Paris;Charlie;BANANAS;SEASHELLS;4902.0;1
65300;Paris;Charlie;BANANAS;SEASHELLS;4900.0;1
65300;Paris;Charlie;PEARLS;SEASHELLS;10002.0;1
65400;Charlie;Paris;PEARLS;SEASHELLS;9998.0;1
66000;Caesar;Paris;PEARLS;SEASHELLS;9996.0;1
66000;Charlie;Paris;BANANAS;SEASHELLS;4894.0;2
66100;Charlie;Penelope;PEARLS;SEASHELLS;9995.0;6
66500;Charlie;Penelope;BANANAS;SEASHELLS;4892.0;10
66500;Charlie;Paris;BANANAS;SEASHELLS;4892.0;1
67000;Charlie;Pablo;BANANAS;SEASHELLS;4893.0;5
67000;Pablo;Charlie;PEARLS;SEASHELLS;10002.0;4
67100;Caesar;Penelope;PEARLS;SEASHELLS;9996.0;1
67300;Caesar;Gary;BANANAS;SEASHELLS;4891.0;1
67300;Charlie;Gary;BANANAS;SEASHELLS;4891.0;17
67700;Paris;Charlie;PEARLS;SEASHELLS;10002.0;1
68000;Charlie;Gary;BANANAS;SEASHELLS;4892.0;16
68700;Gary;Charlie;BANANAS;SEASHELLS;4899.0;18
69400;Pablo;Charlie;PEARLS;SEASHELLS;10002.0;4
69500;Pablo;Charlie;PEARLS;SEASHELLS;10002.0;1
69500;Paris;Charlie;PEARLS;SEASHELLS;10002.0;1
69600;Paris;Camilla;PEARLS;SEASHELLS;10002.0;1
69600;Paris;Camilla;BANANAS;SEASHELLS;4898.0;1
69800;Caesar;Paris;BANANAS;SEASHELLS;4895.0;1
70400;Pablo;Camilla;PEARLS;SEASHELLS;10002.0;5
70600;Caesar;Penelope;PEARLS;SEASHELLS;9996.0;2
70700;Paris;Camilla;PEARLS;SEASHELLS;10002.0;2
70700;Paris;Camilla;BANANAS;SEASHELLS;4899.0;2
70800;Caesar;Paris;BANANAS;SEASHELLS;4895.0;1
70900;Paris;Charlie;PEARLS;SEASHELLS;10005.0;1
70900;Gary;Charlie;PEARLS;SEASHELLS;10005.0;12
70900;Paris;Charlie;BANANAS;SEASHELLS;4901.0;1
71000;Paris;Charlie;BANANAS;SEASHELLS;4899.0;1
71400;Camilla;Paris;BANANAS;SEASHELLS;4896.0;1
72200;Charlie;Penelope;BANANAS;SEASHELLS;4893.0;9
72200;Caesar;Penelope;BANANAS;SEASHELLS;4893.0;1
72500;Paris;Caesar;BANANAS;SEASHELLS;4899.0;1
72500;Paris;Caesar;PEARLS;SEASHELLS;10004.0;1
73400;Charlie;Paris;PEARLS;SEASHELLS;9998.0;1
73700;Paris;Charlie;BANANAS;SEASHELLS;4898.0;1
74300;Paris;Gina;BANANAS;SEASHELLS;4897.0;1
74300;Charlie;Gina;BANANAS;SEASHELLS;4892.0;11
74400;Charlie;Paris;BANANAS;SEASHELLS;4891.0;1
74600;Caesar;Paris;BANANAS;SEASHELLS;4891.0;1
74600;Penelope;Caesar;PEARLS;SEASHELLS;10004.0;2
74800;Charlie;Pablo;PEARLS;SEASHELLS;9998.0;2
74900;Charlie;Paris;PEARLS;SEASHELLS;9998.0;1
75200;Gina;Penelope;BANANAS;SEASHELLS;4895.0;7
75200;Gina;Charlie;BANANAS;SEASHELLS;4895.0;6
75400;Pablo;Gary;BANANAS;SEASHELLS;4896.0;5
75800;Paris;Charlie;BANANAS;SEASHELLS;4899.0;1
75800;Paris;Caesar;PEARLS;SEASHELLS;10004.0;1
76000;Charlie;Gary;BANANAS;SEASHELLS;4892.0;20
77100;Charlie;Paris;BANANAS;SEASHELLS;4894.0;1
77700;Camilla;Paris;PEARLS;SEASHELLS;9998.0;1
78000;Camilla;Paris;BANANAS;SEASHELLS;4895.0;1
78100;Paris;Charlie;PEARLS;SEASHELLS;10002.0;1
78400;Penelope;Charlie;PEARLS;SEASHELLS;10004.0;5
78400;Penelope;Caesar;PEARLS;SEASHELLS;10004.0;2
78600;Caesar;Gary;PEARLS;SEASHELLS;9996.0;2
78800;Paris;Charlie;BANANAS;SEASHELLS;4900.0;1
79100;Charlie;Paris;BANANAS;SEASHELLS;4895.0;1
79300;Caesar;Paris;PEARLS;SEASHELLS;9996.0;1
79300;Caesar;Paris;BANANAS;SEASHELLS;4895.0;1
79500;Paris;Caesar;PEARLS;SEASHELLS;10004.0;1
79500;Paris;Charlie;BANANAS;SEASHELLS;4902.0;1
79800;Paris;Charlie;BANANAS;SEASHELLS;4900.0;1
79900;Camilla;Paris;BANANAS;SEASHELLS;4894.0;2
79900;Camilla;Paris;PEARLS;SEASHELLS;9998.0;2
80000;Caesar;Penelope;BANANAS;SEASHELLS;4894.0;1
80000;Charlie;Penelope;BANANAS;SEASHELLS;4894.0;1
80300;Camilla;Pablo;PEARLS;SEASHELLS;9998.0;3
80400;Paris;Gary;BANANAS;SEASHELLS;4899.0;1
80400;Charlie;Paris;PEARLS;SEASHELLS;9998.0;1
80600;Charlie;Paris;PEARLS;SEASHELLS;9998.0;1
80700;Charlie;Pablo;PEARLS;SEASHELLS;9998.0;1
81500;Charlie;Paris;BANANAS;SEASHELLS;4894.0;1
81500;Paris;Charlie;PEARLS;SEASHELLS;10002.0;1
81700;Camilla;Paris;BANANAS;SEASHELLS;4895.0;1
81800;Paris;Charlie;BANANAS;SEASHELLS;4900.0;1
82100;Gary;Charlie;BANANAS;SEASHELLS;4900.0;19
82200;Camilla;Pablo;PEARLS;SEASHELLS;9998.0;4
82500;Paris;Charlie;BANANAS;SEASHELLS;4898.0;1
83000;Camilla;Paris;PEARLS;SEASHELLS;9998.0;1
83400;Paris;Charlie;PEARLS;SEASHELLS;10002.0;1
83800;Paris;Charlie;BANANAS;SEASHELLS;4900.0;1
83800;Paris;Charlie;PEARLS;SEASHELLS;10005.0;1
84100;Paris;Charlie;BANANAS;SEASHELLS;4896.0;1
84100;Paris;Charlie;PEARLS;SEASHELLS;10002.0;1
84200;Caesar;Pablo;BANANAS;SEASHELLS;4892.0;2
84500;Caesar;Paris;BANANAS;SEASHELLS;4891.0;1
84500;Caesar;Paris;PEARLS;SEASHELLS;9996.0;1
84800;Paris;Charlie;BANANAS;SEASHELLS;4896.0;1
84800;Paris;Charlie;PEARLS;SEASHELLS;10002.0;1
85200;Paris;Camilla;BANANAS;SEASHELLS;4896.0;1
85200;Paris;Camilla;PEARLS;SEASHELLS;10002.0;1
85400;Paris;Charlie;BANANAS;SEASHELLS;4896.0;1
85500;Camilla;Gary;PEARLS;SEASHELLS;9998.0;7
85600;Caesar;Gary;PEARLS;SEASHELLS;9996.0;2
85700;Charlie;Pablo;BANANAS;SEASHELLS;4891.0;3
85800;Charlie;Pablo;BANANAS;SEASHELLS;4892.0;1
85800;Paris;Charlie;PEARLS;SEASHELLS;10002.0;1
85900;Caesar;Penelope;PEARLS;SEASHELLS;9996.0;1
86200;Charlie;Pablo;PEARLS;SEASHELLS;9998.0;2
86600;Paris;Camilla;BANANAS;SEASHELLS;4896.0;1
86900;Paris;Charlie;BANANAS;SEASHELLS;4895.0;1
87100;Charlie;Paris;PEARLS;SEASHELLS;9998.0;1
87100;Gina;Camilla;BANANAS;SEASHELLS;4895.0;4
87100;Gina;Charlie;BANANAS;SEASHELLS;4895.0;6
87500;Paris;Charlie;BANANAS;SEASHELLS;4895.0;1
87900;Paris;Charlie;BANANAS;SEASHELLS;4895.0;1
88500;Paris;Charlie;PEARLS;SEASHELLS;10002.0;1
88600;Gina;Charlie;BANANAS;SEASHELLS;4895.0;8
88600;Paris;Charlie;PEARLS;SEASHELLS;10002.0;1
88700;Charlie;Penelope;PEARLS;SEASHELLS;9995.0;8
88900;Pablo;Paris;PEARLS;SEASHELLS;10002.0;1
88900;Pablo;Charlie;PEARLS;SEASHELLS;10002.0;4
89100;Paris;Charlie;BANANAS;SEASHELLS;4895.0;2
89100;Paris;Charlie;PEARLS;SEASHELLS;10005.0;2
89300;Caesar;Paris;PEARLS;SEASHELLS;9996.0;2
89300;Charlie;Paris;BANANAS;SEASHELLS;4888.0;2
89500;Paris;Charlie;BANANAS;SEASHELLS;4893.0;1
89800;Caesar;Paris;PEARLS;SEASHELLS;9998.0;1
89800;Gary;Caesar;PEARLS;SEASHELLS;10004.0;1
89800;Paris;Caesar;BANANAS;SEASHELLS;4893.0;1
89800;Paris;Charlie;PEARLS;SEASHELLS;10005.0;2
90200;Camilla;Pablo;PEARLS;SEASHELLS;9998.0;2
90200;Paris;Pablo;PEARLS;SEASHELLS;9998.0;1
90400;Caesar;Gary;PEARLS;SEASHELLS;9996.0;1
91200;Paris;Charlie;BANANAS;SEASHELLS;4893.0;1
91200;Pablo;Caesar;PEARLS;SEASHELLS;10002.0;1
91300;Charlie;Gina;PEARLS;SEASHELLS;9998.0;2
91300;Camilla;Paris;PEARLS;SEASHELLS;9998.0;1
91300;Camilla;Gina;PEARLS;SEASHELLS;9998.0;7
91300;Charlie;Paris;PEARLS;SEASHELLS;9998.0;0
91600;Charlie;Paris;PEARLS;SEASHELLS;9998.0;1
91600;Charlie;Paris;BANANAS;SEASHELLS;4889.0;1
91800;Charlie;Pablo;BANANAS;SEASHELLS;4890.0;2
91800;Charlie;Pablo;PEARLS;SEASHELLS;9998.0;3
91900;Camilla;Paris;PEARLS;SEASHELLS;9998.0;1
92400;Gary;Charlie;BANANAS;SEASHELLS;4895.0;17
92400;Paris;Charlie;BANANAS;SEASHELLS;4894.0;1
93200;Paris;Charlie;BANANAS;SEASHELLS;4895.0;2
93200;Gary;Charlie;PEARLS;SEASHELLS;10004.0;10
93200;Paris;Charlie;PEARLS;SEASHELLS;10005.0;2
93200;Pablo;Charlie;PEARLS;SEASHELLS;10002.0;3
93200;Gary;Caesar;PEARLS;SEASHELLS;10004.0;2
93300;Paris;Camilla;PEARLS;SEASHELLS;10002.0;1
93700;Paris;Charlie;BANANAS;SEASHELLS;4894.0;1
94000;Paris;Gary;BANANAS;SEASHELLS;4894.0;1
94400;Camilla;Paris;PEARLS;SEASHELLS;9998.0;1
95500;Camilla;Paris;PEARLS;SEASHELLS;9998.0;1
95700;Charlie;Paris;PEARLS;SEASHELLS;9998.0;1
95800;Caesar;Paris;BANANAS;SEASHELLS;4891.0;2
95800;Charlie;Paris;PEARLS;SEASHELLS;9998.0;1
95800;Caesar;Paris;PEARLS;SEASHELLS;9996.0;2
96100;Charlie;Pablo;BANANAS;SEASHELLS;4892.0;4
96600;Camilla;Paris;BANANAS;SEASHELLS;4891.0;1
96600;Pablo;Charlie;PEARLS;SEASHELLS;10002.0;1
96900;Paris;Charlie;BANANAS;SEASHELLS;4897.0;1
97100;Paris;Caesar;BANANAS;SEASHELLS;4898.0;1
97100;Paris;Caesar;PEARLS;SEASHELLS;10004.0;1
97200;Charlie;Gary;BANANAS;SEASHELLS;4892.0;17
97800;Paris;Charlie;BANANAS;SEASHELLS;4899.0;1
97800;Paris;Charlie;PEARLS;SEASHELLS;10005.0;1
98500;Charlie;Pablo;BANANAS;SEASHELLS;4892.0;2
98700;Paris;Caesar;PEARLS;SEASHELLS;10004.0;2
98700;Paris;Charlie;BANANAS;SEASHELLS;4897.0;2
98800;Caesar;Paris;BANANAS;SEASHELLS;4893.0;2
98800;Caesar;Paris;PEARLS;SEASHELLS;9996.0;1
98800;Charlie;Pablo;PEARLS;SEASHELLS;9998.0;1
98800;Charlie;Paris;PEARLS;SEASHELLS;9996.0;1
98900;Charlie;Penelope;BANANAS;SEASHELLS;4890.0;7
99800;Camilla;Paris;PEARLS;SEASHELLS;9998.0;1
99800;Camilla;Paris;BANANAS;SEASHELLS;4890.0;1
99800;Charlie;Penelope;BANANAS;SEASHELLS;4891.0;8
99800;Camilla;Penelope;BANANAS;SEASHELLS;4891.0;3
100400;Camilla;Paris;BANANAS;SEASHELLS;4893.0;1
100400;Camilla;Gina;PEARLS;SEASHELLS;9998.0;1
100600;Paris;Charlie;BANANAS;SEASHELLS;4897.0;1
100600;Charlie;Paris;PEARLS;SEASHELLS;9998.0;1
100900;Penelope;Camilla;PEARLS;SEASHELLS;10002.0;1
101000;Charlie;Gary;BANANAS;SEASHELLS;4894.0;9
101000;Camilla;Gary;BANANAS;SEASHELLS;4894.0;6
101100;Paris;Charlie;BANANAS;SEASHELLS;4899.0;1
101700;Charlie;Pablo;BANANAS;SEASHELLS;4896.0;1
101700;Charlie;Paris;BANANAS;SEASHELLS;4895.0;1
101700;Paris;Charlie;PEARLS;SEASHELLS;10002.0;1
102300;Paris;Charlie;PEARLS;SEASHELLS;10005.0;1
102300;Camilla;Paris;BANANAS;SEASHELLS;4895.0;1
102300;Paris;Charlie;BANANAS;SEASHELLS;4901.0;1
102600;Camilla;Paris;PEARLS;SEASHELLS;9998.0;1
102900;Paris;Camilla;BANANAS;SEASHELLS;4901.0;1
103700;Charlie;Paris;PEARLS;SEASHELLS;9998.0;1
103900;Camilla;Paris;PEARLS;SEASHELLS;9998.0;1
104000;Charlie;Pablo;PEARLS;SEASHELLS;9998.0;2
104300;Charlie;Penelope;BANANAS;SEASHELLS;4896.0;3
104500;Charlie;Pablo;BANANAS;SEASHELLS;4897.0;5
104800;Camilla;Pablo;PEARLS;SEASHELLS;9998.0;2
105000;Charlie;Penelope;PEARLS;SEASHELLS;9995.0;5
105500;Charlie;Paris;BANANAS;SEASHELLS;4898.0;1
105700;Caesar;Pablo;PEARLS;SEASHELLS;9998.0;3
106100;Gary;Camilla;BANANAS;SEASHELLS;4902.0;8
106100;Paris;Camilla;PEARLS;SEASHELLS;10002.0;1
106400;Charlie;Paris;BANANAS;SEASHELLS;4898.0;1
106500;Paris;Charlie;BANANAS;SEASHELLS;4904.0;1
106500;Paris;Charlie;PEARLS;SEASHELLS;10005.0;1
106800;Camilla;Paris;PEARLS;SEASHELLS;9998.0;1
106800;Camilla;Paris;BANANAS;SEASHELLS;4899.0;1
107000;Camilla;Paris;BANANAS;SEASHELLS;4898.0;1
107300;Pablo;Charlie;BANANAS;SEASHELLS;4903.0;5
107400;Penelope;Charlie;BANANAS;SEASHELLS;4906.0;10
107800;Charlie;Paris;BANANAS;SEASHELLS;4898.0;1
107800;Caesar;Paris;PEARLS;SEASHELLS;9996.0;1
107900;Paris;Camilla;BANANAS;SEASHELLS;4904.0;1
108300;Gina;Paris;PEARLS;SEASHELLS;9998.0;1
108300;Camilla;Paris;BANANAS;SEASHELLS;4899.0;1
108300;Camilla;Gary;BANANAS;SEASHELLS;4900.0;6
108400;Camilla;Gary;BANANAS;SEASHELLS;4900.0;9
108600;Charlie;Pablo;BANANAS;SEASHELLS;4900.0;1
108600;Caesar;Pablo;PEARLS;SEASHELLS;9998.0;4
108600;Charlie;Pablo;PEARLS;SEASHELLS;9998.0;1
108800;Paris;Charlie;BANANAS;SEASHELLS;4904.0;1
108800;Paris;Caesar;PEARLS;SEASHELLS;10004.0;2
108800;Paris;Caesar;BANANAS;SEASHELLS;4905.0;2
108900;Caesar;Penelope;PEARLS;SEASHELLS;9996.0;1
108900;Charlie;Penelope;PEARLS;SEASHELLS;9996.0;5
109200;Pablo;Charlie;BANANAS;SEASHELLS;4903.0;3
109400;Charlie;Paris;BANANAS;SEASHELLS;4898.0;1
109500;Gina;Charlie;BANANAS;SEASHELLS;4903.0;10
109600;Camilla;Paris;BANANAS;SEASHELLS;4898.0;1
109700;Paris;Charlie;BANANAS;SEASHELLS;4905.0;1
109700;Paris;Caesar;PEARLS;SEASHELLS;10004.0;1
110200;Charlie;Paris;BANANAS;SEASHELLS;4899.0;1
110600;Charlie;Paris;PEARLS;SEASHELLS;9998.0;1
110700;Paris;Charlie;PEARLS;SEASHELLS;10002.0;1
111100;Caesar;Paris;BANANAS;SEASHELLS;4901.0;1
111300;Charlie;Paris;BANANAS;SEASHELLS;4900.0;1
111800;Paris;Caesar;PEARLS;SEASHELLS;10004.0;1
111800;Paris;Charlie;BANANAS;SEASHELLS;4907.0;1
112300;Charlie;Paris;BANANAS;SEASHELLS;4900.0;1
112500;Camilla;Pablo;BANANAS;SEASHELLS;4900.0;3
113500;Paris;Charlie;BANANAS;SEASHELLS;4905.0;1
113900;Paris;Camilla;PEARLS;SEASHELLS;10002.0;1
114300;Paris;Caesar;PEARLS;SEASHELLS;10004.0;1
114300;Gina;Charlie;BANANAS;SEASHELLS;4902.0;8
114300;Paris;Charlie;BANANAS;SEASHELLS;4904.0;1
114500;Caesar;Gary;PEARLS;SEASHELLS;9996.0;2
114500;Charlie;Gary;PEARLS;SEASHELLS;9996.0;9
114500;Charlie;Paris;BANANAS;SEASHELLS;4898.0;1
114700;Pablo;Charlie;BANANAS;SEASHELLS;4902.0;4
115000;Pablo;Charlie;BANANAS;SEASHELLS;4902.0;5
115100;Caesar;Paris;BANANAS;SEASHELLS;4898.0;1
116100;Paris;Charlie;BANANAS;SEASHELLS;4904.0;1
116100;Paris;Charlie;PEARLS;SEASHELLS;10005.0;1
116300;Caesar;Penelope;PEARLS;SEASHELLS;9996.0;2
116400;Paris;Paris;PEARLS;SEASHELLS;9998.0;1
116400;Paris;Camilla;BANANAS;SEASHELLS;4901.0;2
116600;Charlie;Paris;BANANAS;SEASHELLS;4897.0;1
116800;Charlie;Paris;PEARLS;SEASHELLS;9995.0;2
116800;Charlie;Penelope;BANANAS;SEASHELLS;4897.0;7
116800;Charlie;Paris;BANANAS;SEASHELLS;4897.0;2
116800;Charlie;Pablo;BANANAS;SEASHELLS;4898.0;2
117100;Paris;Gina;BANANAS;SEASHELLS;4903.0;1
117300;Paris;Charlie;BANANAS;SEASHELLS;4903.0;1
117400;Paris;Camilla;BANANAS;SEASHELLS;4903.0;1
117500;Pablo;Camilla;PEARLS;SEASHELLS;10002.0;2
117600;Camilla;Gary;BANANAS;SEASHELLS;4899.0;4
117600;Caesar;Gary;BANANAS;SEASHELLS;4899.0;1
117600;Charlie;Gary;BANANAS;SEASHELLS;4899.0;14
117900;Charlie;Paris;PEARLS;SEASHELLS;9998.0;1
118100;Paris;Charlie;BANANAS;SEASHELLS;4905.0;2
118100;Paris;Charlie;PEARLS;SEASHELLS;10005.0;2
118200;Paris;Camilla;PEARLS;SEASHELLS;10002.0;2
118200;Paris;Camilla;BANANAS;SEASHELLS;4903.0;2
118300;Caesar;Paris;BANANAS;SEASHELLS;4899.0;1
118300;Pablo;Camilla;PEARLS;SEASHELLS;10002.0;3
118600;Caesar;Gina;BANANAS;SEASHELLS;4899.0;2
118600;Camilla;Gina;BANANAS;SEASHELLS;4899.0;7
119000;Charlie;Pablo;PEARLS;SEASHELLS;9998.0;1
119000;Caesar;Penelope;PEARLS;SEASHELLS;9996.0;1
119000;Charlie;Penelope;PEARLS;SEASHELLS;9996.0;4
119100;Paris;Charlie;PEARLS;SEASHELLS;10002.0;1
119200;Charlie;Penelope;BANANAS;SEASHELLS;4900.0;7
119200;Charlie;Paris;BANANAS;SEASHELLS;4899.0;2
119200;Charlie;Paris;PEARLS;SEASHELLS;9996.0;1
119200;Caesar;Penelope;BANANAS;SEASHELLS;4900.0;1
119200;Gary;Charlie;BANANAS;SEASHELLS;4906.0;12
119200;Caesar;Paris;PEARLS;SEASHELLS;9996.0;1
119900;Paris;Camilla;BANANAS;SEASHELLS;4907.0;1
120000;Penelope;Charlie;BANANAS;SEASHELLS;4907.0;7
120200;Pablo;Paris;PEARLS;SEASHELLS;10002.0;1
120900;Pablo;Camilla;PEARLS;SEASHELLS;10002.0;2
121000;Paris;Charlie;BANANAS;SEASHELLS;4907.0;1
121000;Paris;Caesar;PEARLS;SEASHELLS;10004.0;1
121300;Gary;Caesar;PEARLS;SEASHELLS;10004.0;1
121600;Paris;Camilla;BANANAS;SEASHELLS;4907.0;2
121600;Paris;Camilla;PEARLS;SEASHELLS;10002.0;2
121600;Paris;Camilla;BANANAS;SEASHELLS;4907.0;1
121700;Paris;Charlie;BANANAS;SEASHELLS;4907.0;1
121800;Charlie;Paris;PEARLS;SEASHELLS;9995.0;1
121800;Charlie;Paris;BANANAS;SEASHELLS;4901.0;1
122000;Gary;Camilla;BANANAS;SEASHELLS;4907.0;1
122200;Charlie;Caesar;BANANAS;SEASHELLS;4904.0;1
122200;Caesar;Paris;PEARLS;SEASHELLS;9996.0;1
122200;Caesar;Paris;BANANAS;SEASHELLS;4902.0;1
122500;Paris;Caesar;PEARLS;SEASHELLS;10004.0;2
122500;Paris;Camilla;BANANAS;SEASHELLS;4906.0;2
122500;Penelope;Charlie;PEARLS;SEASHELLS;10002.0;2
122500;Penelope;Camilla;PEARLS;SEASHELLS;10002.0;6
122600;Camilla;Penelope;PEARLS;SEASHELLS;9998.0;4
122700;Pablo;Charlie;PEARLS;SEASHELLS;10002.0;5
122800;Charlie;Paris;BANANAS;SEASHELLS;4903.0;1
123100;Pablo;Charlie;PEARLS;SEASHELLS;10002.0;1
123200;Charlie;Paris;BANANAS;SEASHELLS;4902.0;1
123500;Camilla;Pablo;PEARLS;SEASHELLS;9998.0;2
123500;Camilla;Paris;BANANAS;SEASHELLS;4903.0;1
123700;Caesar;Paris;PEARLS;SEASHELLS;9996.0;1
123700;Charlie;Paris;BANANAS;SEASHELLS;4904.0;1
123900;Gina;Charlie;BANANAS;SEASHELLS;4909.0;7
123900;Gina;Paris;BANANAS;SEASHELLS;4904.0;1
123900;Camilla;Pablo;PEARLS;SEASHELLS;9998.0;1
124000;Paris;Charlie;PEARLS;SEASHELLS;10002.0;1
124200;Gary;Charlie;BANANAS;SEASHELLS;4910.0;14
124200;Charlie;Pablo;PEARLS;SEASHELLS;9998.0;5
125200;Paris;Charlie;BANANAS;SEASHELLS;4908.0;1
125400;Paris;Caesar;PEARLS;SEASHELLS;10004.0;1
125400;Paris;Caesar;BANANAS;SEASHELLS;4909.0;1
125600;Gina;Camilla;BANANAS;SEASHELLS;4908.0;1
125900;Caesar;Paris;PEARLS;SEASHELLS;9998.0;1
125900;Pablo;Paris;BANANAS;SEASHELLS;4908.0;1
126200;Camilla;Paris;BANANAS;SEASHELLS;4905.0;1
126400;Paris;Pablo;PEARLS;SEASHELLS;9998.0;2
126400;Paris;Caesar;BANANAS;SEASHELLS;4911.0;1
126600;Camilla;Paris;BANANAS;SEASHELLS;4905.0;1
126700;Charlie;Paris;PEARLS;SEASHELLS;9998.0;1
126700;Charlie;Pablo;PEARLS;SEASHELLS;9998.0;1
126900;Paris;Camilla;BANANAS;SEASHELLS;4910.0;1
126900;Paris;Camilla;PEARLS;SEASHELLS;10002.0;1
127000;Pablo;Paris;PEARLS;SEASHELLS;10002.0;1
127000;Pablo;Charlie;PEARLS;SEASHELLS;10002.0;2
127100;Charlie;Paris;PEARLS;SEASHELLS;9998.0;1
127500;Paris;Camilla;BANANAS;SEASHELLS;4909.0;2
127500;Paris;Camilla;PEARLS;SEASHELLS;10002.0;1
127500;Paris;Camilla;PEARLS;SEASHELLS;10002.0;2
127900;Penelope;Charlie;BANANAS;SEASHELLS;4910.0;6
128000;Camilla;Gina;BANANAS;SEASHELLS;4905.0;4
128000;Pablo;Penelope;PEARLS;SEASHELLS;10002.0;2
128100;Penelope;Charlie;BANANAS;SEASHELLS;4910.0;11
128400;Charlie;Paris;BANANAS;SEASHELLS;4903.0;2
128400;Paris;Paris;PEARLS;SEASHELLS;10002.0;1
129000;Charlie;Paris;BANANAS;SEASHELLS;4902.0;1
129100;Penelope;Charlie;BANANAS;SEASHELLS;4908.0;7
129200;Charlie;Paris;BANANAS;SEASHELLS;4902.0;1
129400;Charlie;Paris;PEARLS;SEASHELLS;9998.0;1
129500;Charlie;Paris;PEARLS;SEASHELLS;9998.0;1
129800;Paris;Charlie;PEARLS;SEASHELLS;10005.0;2
129800;Paris;Charlie;BANANAS;SEASHELLS;4909.0;2
130100;Paris;Camilla;BANANAS;SEASHELLS;4906.0;1
130300;Penelope;Charlie;PEARLS;SEASHELLS;10005.0;2
130400;Paris;Charlie;BANANAS;SEASHELLS;4907.0;1
130400;Paris;Caesar;PEARLS;SEASHELLS;10004.0;1
131200;Caesar;Paris;BANANAS;SEASHELLS;4901.0;1
131500;Charlie;Paris;BANANAS;SEASHELLS;4900.0;2
131500;Caesar;Paris;PEARLS;SEASHELLS;9996.0;1
131700;Charlie;Pablo;BANANAS;SEASHELLS;4900.0;4
131800;Camilla;Pablo;BANANAS;SEASHELLS;4900.0;2
131900;Charlie;Paris;BANANAS;SEASHELLS;4899.0;2
131900;Caesar;Paris;PEARLS;SEASHELLS;9996.0;1
131900;Charlie;Paris;PEARLS;SEASHELLS;9996.0;1
132100;Paris;Charlie;PEARLS;SEASHELLS;10002.0;1
132200;Paris;Caesar;PEARLS;SEASHELLS;10004.0;1
132200;Paris;Caesar;BANANAS;SEASHELLS;4905.0;1
132300;Charlie;Paris;PEARLS;SEASHELLS;9995.0;1
132300;Charlie;Pablo;PEARLS;SEASHELLS;9998.0;2
132300;Charlie;Paris;BANANAS;SEASHELLS;4899.0;1
132300;Charlie;Paris;PEARLS;SEASHELLS;9998.0;1
132600;Camilla;Paris;PEARLS;SEASHELLS;9998.0;1
132600;Camilla;Paris;BANANAS;SEASHELLS;4900.0;1
132800;Pablo;Paris;BANANAS;SEASHELLS;4904.0;1
133000;Camilla;Pablo;PEARLS;SEASHELLS;9998.0;2
133200;Paris;Charlie;BANANAS;SEASHELLS;4907.0;1
133500;Camilla;Penelope;PEARLS;SEASHELLS;9998.0;3
133500;Gary;Charlie;PEARLS;SEASHELLS;10005.0;8
134000;Charlie;Paris;BANANAS;SEASHELLS;4903.0;1
134400;Gary;Charlie;BANANAS;SEASHELLS;4908.0;20
134500;Penelope;Camilla;BANANAS;SEASHELLS;4906.0;3
134500;Paris;Camilla;BANANAS;SEASHELLS;4907.0;1
134500;Penelope;Charlie;BANANAS;SEASHELLS;4906.0;8
134700;Camilla;Paris;PEARLS;SEASHELLS;9998.0;1
134800;Charlie;Pablo;BANANAS;SEASHELLS;4903.0;5
135800;Paris;Pablo;BANANAS;SEASHELLS;4902.0;1
135800;Charlie;Pablo;BANANAS;SEASHELLS;4902.0;1
136200;Pablo;Charlie;BANANAS;SEASHELLS;4906.0;2
136500;Charlie;Paris;BANANAS;SEASHELLS;4902.0;1
137000;Paris;Charlie;PEARLS;SEASHELLS;10002.0;1
137100;Caesar;Paris;BANANAS;SEASHELLS;4902.0;1
137400;Charlie;Paris;BANANAS;SEASHELLS;4901.0;1
137400;Charlie;Paris;PEARLS;SEASHELLS;9995.0;1
137700;Caesar;Paris;BANANAS;SEASHELLS;4901.0;2
137700;Caesar;Paris;PEARLS;SEASHELLS;9996.0;2
137800;Charlie;Paris;BANANAS;SEASHELLS;4900.0;2
137800;Caesar;Paris;PEARLS;SEASHELLS;9996.0;2
138100;Charlie;Gina;BANANAS;SEASHELLS;4901.0;8
138200;Charlie;Paris;PEARLS;SEASHELLS;9998.0;1
138200;Paris;Charlie;BANANAS;SEASHELLS;4905.0;1
138600;Pablo;Paris;BANANAS;SEASHELLS;4902.0;1
138600;Paris;Caesar;PEARLS;SEASHELLS;10004.0;1
138600;Paris;Charlie;BANANAS;SEASHELLS;4904.0;1
138700;Paris;Camilla;BANANAS;SEASHELLS;4903.0;1
139300;Paris;Charlie;BANANAS;SEASHELLS;4904.0;1
139400;Caesar;Penelope;PEARLS;SEASHELLS;9996.0;1
139400;Paris;Camilla;BANANAS;SEASHELLS;4904.0;1
140500;Charlie;Paris;PEARLS;SEASHELLS;9998.0;1
140600;Caesar;Paris;BANANAS;SEASHELLS;4900.0;1
141400;Charlie;Gary;PEARLS;SEASHELLS;9995.0;10
141500;Charlie;Paris;BANANAS;SEASHELLS;4900.0;1
141600;Pablo;Paris;PEARLS;SEASHELLS;10002.0;1
141600;Pablo;Camilla;PEARLS;SEASHELLS;10002.0;2
142100;Paris;Camilla;BANANAS;SEASHELLS;4907.0;1
142200;Charlie;Paris;BANANAS;SEASHELLS;4902.0;1
142500;Charlie;Paris;PEARLS;SEASHELLS;9998.0;1
143300;Camilla;Paris;PEARLS;SEASHELLS;9998.0;1
143800;Camilla;Paris;BANANAS;SEASHELLS;4902.0;1
143900;Pablo;Paris;BANANAS;SEASHELLS;4905.0;1
143900;Caesar;Paris;PEARLS;SEASHELLS;9998.0;1
144100;Paris;Charlie;BANANAS;SEASHELLS;4906.0;1
144400;Charlie;Paris;BANANAS;SEASHELLS;4900.0;1
144500;Gary;Charlie;PEARLS;SEASHELLS;10004.0;10
144500;Gary;Caesar;PEARLS;SEASHELLS;10004.0;2
144600;Camilla;Paris;BANANAS;SEASHELLS;4901.0;2
144600;Camilla;Paris;PEARLS;SEASHELLS;9998.0;2
144800;Paris;Charlie;PEARLS;SEASHELLS;10002.0;1
145100;Paris;Charlie;BANANAS;SEASHELLS;4907.0;1
145100;Camilla;Penelope;PEARLS;SEASHELLS;9998.0;6
145100;Paris;Charlie;PEARLS;SEASHELLS;10005.0;1
145200;Caesar;Paris;BANANAS;SEASHELLS;4901.0;1
145400;Penelope;Charlie;BANANAS;SEASHELLS;4907.0;1
145400;Penelope;Caesar;BANANAS;SEASHELLS;4907.0;1
145600;Paris;Camilla;PEARLS;SEASHELLS;10002.0;1
145600;Paris;Camilla;BANANAS;SEASHELLS;4905.0;1
145600;Paris;Camilla;BANANAS;SEASHELLS;4906.0;1
145900;Charlie;Paris;BANANAS;SEASHELLS;4900.0;2
145900;Pablo;Paris;PEARLS;SEASHELLS;10002.0;2
146400;Camilla;Paris;BANANAS;SEASHELLS;4901.0;1
146400;Camilla;Paris;PEARLS;SEASHELLS;9998.0;1
147000;Paris;Caesar;PEARLS;SEASHELLS;10004.0;1
147000;Paris;Charlie;BANANAS;SEASHELLS;4908.0;2
147000;Paris;Pablo;BANANAS;SEASHELLS;4903.0;1
147000;Paris;Charlie;PEARLS;SEASHELLS;10002.0;1
147000;Paris;Charlie;PEARLS;SEASHELLS;10004.0;1
147200;Paris;Charlie;BANANAS;SEASHELLS;4907.0;1
147400;Charlie;Paris;BANANAS;SEASHELLS;4904.0;1
147500;Paris;Charlie;BANANAS;SEASHELLS;4910.0;1
148200;Paris;Pablo;PEARLS;SEASHELLS;9998.0;2
148200;Paris;Charlie;BANANAS;SEASHELLS;4911.0;2
148200;Charlie;Pablo;PEARLS;SEASHELLS;9998.0;2
148200;Paris;Charlie;BANANAS;SEASHELLS;4910.0;1
148200;Paris;Pablo;PEARLS;SEASHELLS;9998.0;1
148300;Paris;Caesar;BANANAS;SEASHELLS;4910.0;1
148300;Penelope;Caesar;BANANAS;SEASHELLS;4907.0;4
148700;Charlie;Paris;PEARLS;SEASHELLS;9995.0;2
148700;Paris;Paris;BANANAS;SEASHELLS;4910.0;1
148700;Penelope;Charlie;PEARLS;SEASHELLS;10005.0;5
149000;Gina;Charlie;BANANAS;SEASHELLS;4909.0;3
149000;Paris;Camilla;PEARLS;SEASHELLS;10002.0;1
149000;Gina;Camilla;BANANAS;SEASHELLS;4909.0;3
149000;Gina;Paris;BANANAS;SEASHELLS;4905.0;1
149100;Camilla;Paris;BANANAS;SEASHELLS;4904.0;1
149500;Charlie;Paris;BANANAS;SEASHELLS;4904.0;1
150300;Paris;Charlie;PEARLS;SEASHELLS;10002.0;1
150600;Charlie;Penelope;BANANAS;SEASHELLS;4903.0;6
150600;Paris;Charlie;PEARLS;SEASHELLS;10002.0;1
150800;Camilla;Pablo;BANANAS;SEASHELLS;4904.0;3
151100;Pablo;Camilla;PEARLS;SEASHELLS;10002.0;5
151200;Gary;Caesar;PEARLS;SEASHELLS;10004.0;2
151500;Paris;Caesar;PEARLS;SEASHELLS;10004.0;1
151500;Paris;Charlie;BANANAS;SEASHELLS;4908.0;1
151600;Charlie;Paris;PEARLS;SEASHELLS;9995.0;1
151600;Caesar;Penelope;PEARLS;SEASHELLS;9996.0;1
151600;Charlie;Paris;BANANAS;SEASHELLS;4902.0;1
151700;Charlie;Paris;BANANAS;SEASHELLS;4901.0;1
151800;Charlie;Gary;BANANAS;SEASHELLS;4901.0;19
152100;Paris;Charlie;PEARLS;SEASHELLS;10002.0;1
152100;Paris;Charlie;BANANAS;SEASHELLS;4906.0;1
152400;Charlie;Paris;PEARLS;SEASHELLS;9998.0;1
152600;Camilla;Paris;PEARLS;SEASHELLS;9998.0;1
152700;Caesar;Penelope;PEARLS;SEASHELLS;9996.0;1
152800;Paris;Camilla;BANANAS;SEASHELLS;4905.0;1
153000;Charlie;Pablo;BANANAS;SEASHELLS;4901.0;2
153000;Charlie;Paris;PEARLS;SEASHELLS;9998.0;1
153200;Pablo;Charlie;PEARLS;SEASHELLS;10002.0;2
153300;Charlie;Paris;PEARLS;SEASHELLS;9998.0;1
153500;Camilla;Paris;BANANAS;SEASHELLS;4899.0;1
153600;Charlie;Paris;BANANAS;SEASHELLS;4899.0;1
154000;Paris;Charlie;BANANAS;SEASHELLS;4905.0;1
154200;Charlie;Paris;BANANAS;SEASHELLS;4899.0;2
154200;Charlie;Paris;PEARLS;SEASHELLS;9996.0;1
154200;Caesar;Paris;PEARLS;SEASHELLS;9996.0;1
154300;Charlie;Pablo;BANANAS;SEASHELLS;4901.0;2
154900;Pablo;Charlie;BANANAS;SEASHELLS;4905.0;2
155200;Paris;Caesar;PEARLS;SEASHELLS;10004.0;1
155200;Camilla;Paris;BANANAS;SEASHELLS;4902.0;1
155200;Paris;Charlie;BANANAS;SEASHELLS;4908.0;1
155300;Charlie;Pablo;PEARLS;SEASHELLS;9998.0;3
155700;Gina;Charlie;BANANAS;SEASHELLS;4906.0;13
156100;Paris;Charlie;PEARLS;SEASHELLS;10002.0;1
156400;Charlie;Penelope;PEARLS;SEASHELLS;9998.0;1
156400;Camilla;Penelope;PEARLS;SEASHELLS;9998.0;2
156500;Charlie;Penelope;BANANAS;SEASHELLS;4900.0;9
156700;Gary;Charlie;BANANAS;SEASHELLS;4906.0;20
156800;Camilla;Paris;PEARLS;SEASHELLS;9998.0;1
156800;Charlie;Paris;PEARLS;SEASHELLS;9998.0;1
156800;Charlie;Paris;BANANAS;SEASHELLS;4900.0;1
156800;Camilla;Paris;BANANAS;SEASHELLS;4900.0;1
156900;Paris;Charlie;BANANAS;SEASHELLS;4906.0;1
156900;Paris;Paris;PEARLS;SEASHELLS;9998.0;1
156900;Penelope;Charlie;BANANAS;SEASHELLS;4906.0;5
157100;Paris;Camilla;PEARLS;SEASHELLS;10002.0;1
157200;Charlie;Gary;BANANAS;SEASHELLS;4898.0;12
157400;Caesar;Paris;PEARLS;SEASHELLS;9996.0;1
157400;Caesar;Paris;BANANAS;SEASHELLS;4898.0;1
157400;Charlie;Pablo;BANANAS;SEASHELLS;4899.0;3
157500;Charlie;Pablo;BANANAS;SEASHELLS;4899.0;5
157800;Paris;Camilla;PEARLS;SEASHELLS;10002.0;1
158200;Charlie;Gina;BANANAS;SEASHELLS;4897.0;11
158300;Camilla;Paris;PEARLS;SEASHELLS;9998.0;1
158400;Paris;Caesar;BANANAS;SEASHELLS;4902.0;1
158400;Paris;Caesar;PEARLS;SEASHELLS;10004.0;1
158700;Paris;Charlie;BANANAS;SEASHELLS;4901.0;1
158700;Charlie;Paris;PEARLS;SEASHELLS;9998.0;1
159200;Charlie;Paris;BANANAS;SEASHELLS;4895.0;1
159300;Charlie;Paris;BANANAS;SEASHELLS;4895.0;1
159400;Caesar;Gina;BANANAS;SEASHELLS;4895.0;1
159400;Charlie;Paris;PEARLS;SEASHELLS;9998.0;1
159400;Charlie;Gina;BANANAS;SEASHELLS;4895.0;5
159400;Paris;Gina;BANANAS;SEASHELLS;4900.0;1
159500;Charlie;Paris;PEARLS;SEASHELLS;9995.0;1
159500;Paris;Paris;BANANAS;SEASHELLS;4899.0;1
160000;Gary;Charlie;PEARLS;SEASHELLS;10005.0;12
161000;Charlie;Paris;BANANAS;SEASHELLS;4897.0;2
161000;Caesar;Paris;PEARLS;SEASHELLS;9996.0;2
161500;Gina;Camilla;BANANAS;SEASHELLS;4903.0;4
161500;Paris;Camilla;BANANAS;SEASHELLS;4904.0;1
161600;Paris;Gary;PEARLS;SEASHELLS;10002.0;1
162400;Camilla;Pablo;BANANAS;SEASHELLS;4900.0;5
163100;Charlie;Paris;BANANAS;SEASHELLS;4899.0;1
163400;Paris;Charlie;BANANAS;SEASHELLS;4904.0;1
163400;Paris;Charlie;PEARLS;SEASHELLS;10004.0;1
163400;Paris;Caesar;PEARLS;SEASHELLS;10004.0;1
163400;Paris;Caesar;BANANAS;SEASHELLS;4904.0;1
163500;Charlie;Penelope;BANANAS;SEASHELLS;4898.0;12
163900;Gary;Caesar;PEARLS;SEASHELLS;10004.0;2
164600;Charlie;Paris;PEARLS;SEASHELLS;9998.0;1
164800;Penelope;Charlie;PEARLS;SEASHELLS;10004.0;3
164800;Penelope;Caesar;PEARLS;SEASHELLS;10004.0;1
164900;Paris;Charlie;BANANAS;SEASHELLS;4904.0;1
164900;Paris;Charlie;PEARLS;SEASHELLS;10005.0;1
165300;Paris;Camilla;BANANAS;SEASHELLS;4901.0;1
165700;Paris;Charlie;BANANAS;SEASHELLS;4901.0;1
165800;Paris;Caesar;PEARLS;SEASHELLS;10004.0;1
165800;Camilla;Paris;BANANAS;SEASHELLS;4896.0;1
165800;Paris;Charlie;BANANAS;SEASHELLS;4902.0;2
165900;Caesar;Gary;PEARLS;SEASHELLS;9996.0;1
166200;Paris;Charlie;PEARLS;SEASHELLS;10002.0;1
166400;Camilla;Gina;BANANAS;SEASHELLS;4896.0;4
166400;Caesar;Gina;BANANAS;SEASHELLS;4896.0;3
166500;Charlie;Paris;BANANAS;SEASHELLS;4896.0;1
167100;Caesar;Paris;PEARLS;SEASHELLS;9996.0;2
167100;Charlie;Paris;BANANAS;SEASHELLS;4896.0;2
167100;Penelope;Charlie;BANANAS;SEASHELLS;4903.0;8
167400;Paris;Camilla;BANANAS;SEASHELLS;4901.0;1
167500;Charlie;Penelope;BANANAS;SEASHELLS;4896.0;4
167800;Caesar;Penelope;BANANAS;SEASHELLS;4898.0;6
168200;Paris;Charlie;PEARLS;SEASHELLS;10005.0;2
168200;Paris;Charlie;BANANAS;SEASHELLS;4902.0;2
168400;Gary;Caesar;PEARLS;SEASHELLS;10004.0;1
168400;Gary;Charlie;PEARLS;SEASHELLS;10004.0;9
168400;Camilla;Pablo;PEARLS;SEASHELLS;9998.0;3
169000;Charlie;Paris;PEARLS;SEASHELLS;9998.0;1
169200;Charlie;Paris;BANANAS;SEASHELLS;4895.0;2
169200;Charlie;Paris;PEARLS;SEASHELLS;9995.0;2
169900;Camilla;Pablo;PEARLS;SEASHELLS;9998.0;2
170000;Charlie;Pablo;PEARLS;SEASHELLS;9998.0;5
170100;Caesar;Paris;BANANAS;SEASHELLS;4896.0;1
170200;Charlie;Paris;PEARLS;SEASHELLS;9998.0;1
170200;Charlie;Pablo;BANANAS;SEASHELLS;4897.0;3
170600;Penelope;Camilla;BANANAS;SEASHELLS;4899.0;3
171300;Camilla;Paris;PEARLS;SEASHELLS;9998.0;1
171300;Camilla;Paris;BANANAS;SEASHELLS;4894.0;1
171600;Paris;Camilla;BANANAS;SEASHELLS;4898.0;1
171600;Charlie;Paris;PEARLS;SEASHELLS;9998.0;1
171700;Pablo;Charlie;PEARLS;SEASHELLS;10002.0;2
171800;Charlie;Paris;PEARLS;SEASHELLS;9995.0;1
171800;Paris;Paris;BANANAS;SEASHELLS;4898.0;1
172400;Paris;Camilla;BANANAS;SEASHELLS;4898.0;1
172600;Paris;Caesar;BANANAS;SEASHELLS;4899.0;1
172600;Paris;Caesar;PEARLS;SEASHELLS;10004.0;1
172800;Charlie;Paris;BANANAS;SEASHELLS;4894.0;1
172900;Penelope;Pablo;PEARLS;SEASHELLS;9998.0;2
173000;Camilla;Paris;PEARLS;SEASHELLS;9998.0;2
173000;Camilla;Paris;BANANAS;SEASHELLS;4895.0;2
173100;Charlie;Paris;BANANAS;SEASHELLS;4894.0;1
173300;Paris;Charlie;BANANAS;SEASHELLS;4901.0;2
173300;Paris;Caesar;PEARLS;SEASHELLS;10004.0;1
173500;Caesar;Gary;BANANAS;SEASHELLS;4894.0;1
173500;Charlie;Gary;BANANAS;SEASHELLS;4894.0;14
174400;Charlie;Paris;BANANAS;SEASHELLS;4894.0;2
174400;Paris;Paris;PEARLS;SEASHELLS;10002.0;1
174600;Paris;Camilla;PEARLS;SEASHELLS;10002.0;1
174800;Caesar;Paris;BANANAS;SEASHELLS;4895.0;1
175100;Pablo;Camilla;PEARLS;SEASHELLS;10002.0;2
176300;Penelope;Charlie;PEARLS;SEASHELLS;10005.0;3
176700;Camilla;Pablo;PEARLS;SEASHELLS;9998.0;2
176700;Camilla;Paris;BANANAS;SEASHELLS;4894.0;2
176700;Camilla;Paris;PEARLS;SEASHELLS;9998.0;2
176900;Charlie;Penelope;BANANAS;SEASHELLS;4893.0;7
177000;Charlie;Paris;BANANAS;SEASHELLS;4893.0;1
177600;Penelope;Charlie;PEARLS;SEASHELLS;10005.0;6
177600;Penelope;Charlie;BANANAS;SEASHELLS;4899.0;4
177900;Paris;Charlie;BANANAS;SEASHELLS;4899.0;1
177900;Paris;Caesar;PEARLS;SEASHELLS;10004.0;1
178100;Pablo;Charlie;BANANAS;SEASHELLS;4898.0;1
178600;Gina;Charlie;BANANAS;SEASHELLS;4899.0;7
178800;Charlie;Paris;BANANAS;SEASHELLS;4895.0;1
179500;Paris;Charlie;PEARLS;SEASHELLS;10002.0;1
179600;Paris;Charlie;BANANAS;SEASHELLS;4902.0;1
179800;Charlie;Penelope;BANANAS;SEASHELLS;4898.0;10
179900;Charlie;Pablo;BANANAS;SEASHELLS;4899.0;3
179900;Pablo;Charlie;PEARLS;SEASHELLS;10002.0;4
180000;Charlie;Pablo;BANANAS;SEASHELLS;4899.0;3
180000;Charlie;Pablo;PEARLS;SEASHELLS;9998.0;1
180200;Penelope;Charlie;BANANAS;SEASHELLS;4904.0;5
180300;Charlie;Paris;BANANAS;SEASHELLS;4898.0;1
180400;Paris;Charlie;BANANAS;SEASHELLS;4903.0;1
180600;Pablo;Charlie;PEARLS;SEASHELLS;10002.0;1
180900;Paris;Charlie;PEARLS;SEASHELLS;10004.0;1
180900;Paris;Caesar;PEARLS;SEASHELLS;10004.0;1
180900;Paris;Charlie;BANANAS;SEASHELLS;4905.0;2
181600;Pablo;Charlie;PEARLS;SEASHELLS;10002.0;3
181800;Charlie;Penelope;BANANAS;SEASHELLS;4896.0;11
182200;Pablo;Charlie;BANANAS;SEASHELLS;4902.0;2
182200;Paris;Charlie;BANANAS;SEASHELLS;4903.0;1
182500;Paris;Charlie;BANANAS;SEASHELLS;4904.0;1
182500;Pablo;Charlie;PEARLS;SEASHELLS;10002.0;1
182800;Paris;Caesar;PEARLS;SEASHELLS;10002.0;1
183300;Charlie;Paris;BANANAS;SEASHELLS;4899.0;1
183400;Camilla;Gina;PEARLS;SEASHELLS;9998.0;10
183400;Charlie;Gina;PEARLS;SEASHELLS;9998.0;2
183600;Paris;Camilla;PEARLS;SEASHELLS;10002.0;1
183600;Charlie;Pablo;BANANAS;SEASHELLS;4900.0;5
183800;Charlie;Paris;BANANAS;SEASHELLS;4899.0;1
184800;Camilla;Paris;BANANAS;SEASHELLS;4899.0;1
184800;Camilla;Paris;PEARLS;SEASHELLS;9998.0;1
185000;Charlie;Paris;BANANAS;SEASHELLS;4899.0;2
185000;Caesar;Paris;PEARLS;SEASHELLS;9996.0;1
185500;Caesar;Paris;BANANAS;SEASHELLS;4899.0;2
185500;Caesar;Paris;PEARLS;SEASHELLS;9996.0;2
185800;Paris;Camilla;BANANAS;SEASHELLS;4904.0;1
186200;Gary;Camilla;PEARLS;SEASHELLS;10002.0;5
186700;Caesar;Gary;PEARLS;SEASHELLS;9996.0;1
186700;Charlie;Gary;PEARLS;SEASHELLS;9996.0;11
187000;Charlie;Paris;BANANAS;SEASHELLS;4900.0;1
187200;Caesar;Pablo;PEARLS;SEASHELLS;9998.0;3
187300;Charlie;Paris;PEARLS;SEASHELLS;9995.0;1
187300;Charlie;Paris;BANANAS;SEASHELLS;4900.0;1
187600;Charlie;Paris;BANANAS;SEASHELLS;4899.0;1
187600;Gina;Paris;PEARLS;SEASHELLS;10002.0;1
187900;Camilla;Pablo;PEARLS;SEASHELLS;9998.0;4
187900;Penelope;Caesar;PEARLS;SEASHELLS;10004.0;2
188200;Charlie;Paris;PEARLS;SEASHELLS;9998.0;1
188200;Charlie;Paris;BANANAS;SEASHELLS;4899.0;1
188200;Caesar;Paris;PEARLS;SEASHELLS;9996.0;1
188300;Charlie;Pablo;BANANAS;SEASHELLS;4900.0;4
188500;Paris;Charlie;BANANAS;SEASHELLS;4906.0;1
188500;Paris;Charlie;PEARLS;SEASHELLS;10005.0;1
188600;Gary;Charlie;BANANAS;SEASHELLS;4906.0;16
189200;Caesar;Gary;PEARLS;SEASHELLS;9996.0;2
189600;Gina;Caesar;PEARLS;SEASHELLS;10002.0;2
189800;Charlie;Paris;PEARLS;SEASHELLS;9998.0;1
189900;Charlie;Pablo;BANANAS;SEASHELLS;4899.0;3
189900;Caesar;Pablo;BANANAS;SEASHELLS;4899.0;2
190000;Charlie;Paris;PEARLS;SEASHELLS;9998.0;1
190200;Charlie;Paris;BANANAS;SEASHELLS;4897.0;1
190300;Caesar;Penelope;PEARLS;SEASHELLS;9996.0;2
190600;Charlie;Gary;BANANAS;SEASHELLS;4897.0;19
190900;Charlie;Paris;BANANAS;SEASHELLS;4897.0;2
190900;Charlie;Paris;PEARLS;SEASHELLS;9995.0;2
191000;Charlie;Penelope;BANANAS;SEASHELLS;4897.0;3
192200;Paris;Charlie;BANANAS;SEASHELLS;4904.0;1
193000;Charlie;Paris;PEARLS;SEASHELLS;9995.0;1
193000;Charlie;Paris;BANANAS;SEASHELLS;4899.0;1
193100;Charlie;Paris;BANANAS;SEASHELLS;4899.0;1
193200;Paris;Camilla;BANANAS;SEASHELLS;4905.0;1
193600;Gary;Charlie;BANANAS;SEASHELLS;4906.0;14
193700;Gary;Charlie;PEARLS;SEASHELLS;10005.0;11
193800;Camilla;Paris;PEARLS;SEASHELLS;9998.0;1
193900;Caesar;Penelope;PEARLS;SEASHELLS;9996.0;2
194200;Caesar;Paris;BANANAS;SEASHELLS;4899.0;1
194200;Paris;Charlie;PEARLS;SEASHELLS;10002.0;1
194300;Charlie;Paris;BANANAS;SEASHELLS;4899.0;1
194800;Charlie;Paris;BANANAS;SEASHELLS;4899.0;1
194800;Charlie;Paris;PEARLS;SEASHELLS;9995.0;1
195100;Caesar;Penelope;PEARLS;SEASHELLS;9996.0;1
195600;Paris;Charlie;BANANAS;SEASHELLS;4907.0;2
195600;Paris;Caesar;PEARLS;SEASHELLS;10004.0;2
195700;Charlie;Pablo;BANANAS;SEASHELLS;4902.0;5
196200;Charlie;Penelope;BANANAS;SEASHELLS;4901.0;4
196700;Paris;Charlie;BANANAS;SEASHELLS;4906.0;1
197000;Charlie;Paris;PEARLS;SEASHELLS;9998.0;1
197100;Paris;Charlie;PEARLS;SEASHELLS;10002.0;1
197400;Caesar;Gary;PEARLS;SEASHELLS;9996.0;1
197500;Camilla;Penelope;PEARLS;SEASHELLS;9998.0;5
197700;Charlie;Paris;BANANAS;SEASHELLS;4903.0;1
197700;Charlie;Paris;PEARLS;SEASHELLS;9995.0;1
198400;Camilla;Paris;PEARLS;SEASHELLS;9998.0;1
198500;Pablo;Camilla;PEARLS;SEASHELLS;10002.0;3
198900;Paris;Camilla;BANANAS;SEASHELLS;4910.0;1
199300;Paris;Charlie;BANANAS;SEASHELLS;4910.0;1
199400;Pablo;Charlie;PEARLS;SEASHELLS;10002.0;3
199400;Paris;Charlie;PEARLS;SEASHELLS;10002.0;1
199500;Charlie;Olivia;BANANAS;SEASHELLS;4905.0;17
199700;Paris;Charlie;PEARLS;SEASHELLS;10002.0;1
199900;Camilla;Pablo;BANANAS;SEASHELLS;4906.0;3
200100;Pablo;Charlie;PEARLS;SEASHELLS;10002.0;5
200300;Camilla;Paris;BANANAS;SEASHELLS;4905.0;1
200300;Paris;Charlie;BANANAS;SEASHELLS;4911.0;2
200300;Paris;Caesar;PEARLS;SEASHELLS;10004.0;2
200400;Paris;Charlie;BANANAS;SEASHELLS;4911.0;1
200400;Paris;Caesar;PEARLS;SEASHELLS;10004.0;1
200800;Pablo;Camilla;PEARLS;SEASHELLS;10002.0;1
200800;Pablo;Camilla;BANANAS;SEASHELLS;4909.0;3
200900;Charlie;Paris;BANANAS;SEASHELLS;4904.0;1
201800;Penelope;Caesar;BANANAS;SEASHELLS;4909.0;1
201800;Penelope;Charlie;BANANAS;SEASHELLS;4909.0;8
201800;Charlie;Pablo;PEARLS;SEASHELLS;9998.0;3
202000;Pablo;Charlie;PEARLS;SEASHELLS;10002.0;3
202100;Camilla;Paris;BANANAS;SEASHELLS;4904.0;1
202200;Gina;Camilla;PEARLS;SEASHELLS;10002.0;5
202600;Pablo;Charlie;PEARLS;SEASHELLS;10002.0;4
202900;Penelope;Charlie;BANANAS;SEASHELLS;4910.0;4
203000;Paris;Charlie;BANANAS;SEASHELLS;4908.0;1
203200;Pablo;Charlie;BANANAS;SEASHELLS;4906.0;2
203300;Charlie;Penelope;BANANAS;SEASHELLS;4902.0;10
203300;Caesar;Penelope;PEARLS;SEASHELLS;9996.0;2
203700;Paris;Charlie;BANANAS;SEASHELLS;4907.0;1
203900;Paris;Charlie;BANANAS;SEASHELLS;4908.0;2
203900;Paris;Caesar;PEARLS;SEASHELLS;10004.0;1
204800;Gary;Caesar;PEARLS;SEASHELLS;10004.0;1
204800;Gary;Charlie;PEARLS;SEASHELLS;10004.0;7
205000;Paris;Caesar;BANANAS;SEASHELLS;4905.0;2
205000;Paris;Caesar;PEARLS;SEASHELLS;10004.0;2
205000;Charlie;Paris;BANANAS;SEASHELLS;4899.0;1
205400;Paris;Charlie;BANANAS;SEASHELLS;4905.0;1
205700;Caesar;Penelope;BANANAS;SEASHELLS;4899.0;1
205800;Paris;Camilla;PEARLS;SEASHELLS;10002.0;1
206400;Charlie;Paris;BANANAS;SEASHELLS;4898.0;2
206400;Caesar;Paris;PEARLS;SEASHELLS;9996.0;2
207000;Charlie;Paris;BANANAS;SEASHELLS;4896.0;1
207000;Charlie;Paris;PEARLS;SEASHELLS;9998.0;1
207100;Charlie;Gina;BANANAS;SEASHELLS;4897.0;10
207300;Paris;Caesar;BANANAS;SEASHELLS;4902.0;1
207300;Paris;Caesar;PEARLS;SEASHELLS;10004.0;1
207500;Caesar;Penelope;PEARLS;SEASHELLS;9996.0;2
207500;Charlie;Penelope;PEARLS;SEASHELLS;9996.0;5
207800;Paris;Charlie;BANANAS;SEASHELLS;4900.0;1
207900;Camilla;Paris;BANANAS;SEASHELLS;4895.0;1
208000;Paris;Charlie;BANANAS;SEASHELLS;4901.0;1
208000;Paris;Caesar;PEARLS;SEASHELLS;10004.0;1
208100;Paris;Charlie;BANANAS;SEASHELLS;4901.0;1
208100;Paris;Paris;PEARLS;SEASHELLS;9998.0;1
208300;Charlie;Paris;BANANAS;SEASHELLS;4894.0;1
208700;Camilla;Paris;BANANAS;SEASHELLS;4893.0;1
209000;Paris;Charlie;BANANAS;SEASHELLS;4899.0;1
209700;Caesar;Penelope;PEARLS;SEASHELLS;9996.0;2
209700;Charlie;Paris;BANANAS;SEASHELLS;4895.0;1
209700;Charlie;Penelope;PEARLS;SEASHELLS;9996.0;5
209900;Gary;Paris;PEARLS;SEASHELLS;9998.0;1
209900;Charlie;Caesar;BANANAS;SEASHELLS;4897.0;3
210100;Charlie;Paris;BANANAS;SEASHELLS;4895.0;1
210300;Charlie;Paris;BANANAS;SEASHELLS;4895.0;1
210300;Paris;Camilla;PEARLS;SEASHELLS;10002.0;1
210300;Paris;Camilla;BANANAS;SEASHELLS;4899.0;1
210400;Charlie;Paris;BANANAS;SEASHELLS;4895.0;1
210500;Charlie;Gary;BANANAS;SEASHELLS;4895.0;13
210600;Charlie;Paris;PEARLS;SEASHELLS;9995.0;1
210600;Charlie;Paris;BANANAS;SEASHELLS;4895.0;1
210700;Charlie;Paris;BANANAS;SEASHELLS;4896.0;1
210700;Caesar;Paris;PEARLS;SEASHELLS;9996.0;1
211100;Paris;Camilla;PEARLS;SEASHELLS;10002.0;1
211100;Paris;Camilla;BANANAS;SEASHELLS;4900.0;1
211300;Charlie;Paris;PEARLS;SEASHELLS;9998.0;1
211400;Caesar;Penelope;PEARLS;SEASHELLS;9996.0;2
211400;Charlie;Penelope;PEARLS;SEASHELLS;9996.0;1
211800;Charlie;Paris;BANANAS;SEASHELLS;4895.0;1
212300;Paris;Gina;PEARLS;SEASHELLS;9998.0;1
212300;Paris;Caesar;BANANAS;SEASHELLS;4896.0;1
212800;Pablo;Paris;BANANAS;SEASHELLS;4897.0;1
213000;Charlie;Paris;PEARLS;SEASHELLS;9998.0;1
213800;Gary;Caesar;BANANAS;SEASHELLS;4900.0;2
213900;Charlie;Pablo;PEARLS;SEASHELLS;9998.0;3
213900;Charlie;Paris;BANANAS;SEASHELLS;4894.0;1
214100;Charlie;Pablo;PEARLS;SEASHELLS;9998.0;1
214100;Charlie;Paris;PEARLS;SEASHELLS;9998.0;1
214500;Camilla;Pablo;PEARLS;SEASHELLS;9998.0;3
214500;Camilla;Paris;PEARLS;SEASHELLS;9998.0;1
214700;Caesar;Penelope;PEARLS;SEASHELLS;9996.0;2
215000;Penelope;Camilla;BANANAS;SEASHELLS;4900.0;2
215100;Gary;Camilla;BANANAS;SEASHELLS;4900.0;6
215100;Gary;Charlie;BANANAS;SEASHELLS;4900.0;14
215100;Charlie;Paris;PEARLS;SEASHELLS;9998.0;1
215500;Pablo;Charlie;BANANAS;SEASHELLS;4900.0;4
215800;Charlie;Paris;BANANAS;SEASHELLS;4896.0;1
216000;Charlie;Paris;BANANAS;SEASHELLS;4896.0;1
216100;Paris;Camilla;BANANAS;SEASHELLS;4902.0;1
216100;Paris;Camilla;PEARLS;SEASHELLS;10002.0;1
216600;Charlie;Paris;PEARLS;SEASHELLS;9998.0;1
216700;Pablo;Charlie;BANANAS;SEASHELLS;4900.0;2
216700;Penelope;Charlie;BANANAS;SEASHELLS;4903.0;5
217100;Caesar;Gary;PEARLS;SEASHELLS;9996.0;1
217100;Caesar;Gina;BANANAS;SEASHELLS;4897.0;5
217500;Charlie;Gina;BANANAS;SEASHELLS;4898.0;9
217500;Caesar;Paris;PEARLS;SEASHELLS;9996.0;1
217500;Charlie;Paris;BANANAS;SEASHELLS;4897.0;1
217700;Paris;Camilla;BANANAS;SEASHELLS;4901.0;1
217800;Caesar;Penelope;PEARLS;SEASHELLS;9996.0;1
217900;Pablo;Charlie;BANANAS;SEASHELLS;4900.0;5
217900;Penelope;Charlie;BANANAS;SEASHELLS;4902.0;8
219400;Paris;Caesar;PEARLS;SEASHELLS;10004.0;1
219400;Paris;Charlie;BANANAS;SEASHELLS;4899.0;1
219400;Paris;Charlie;BANANAS;SEASHELLS;4901.0;1
219600;Paris;Charlie;BANANAS;SEASHELLS;4899.0;1
220100;Gary;Charlie;BANANAS;SEASHELLS;4900.0;12
221100;Paris;Camilla;BANANAS;SEASHELLS;4898.0;1
221100;Paris;Camilla;PEARLS;SEASHELLS;10002.0;1
221200;Paris;Charlie;PEARLS;SEASHELLS;10002.0;1
221200;Charlie;Paris;BANANAS;SEASHELLS;4894.0;1
222200;Camilla;Pablo;PEARLS;SEASHELLS;9998.0;2
222800;Paris;Charlie;BANANAS;SEASHELLS;4900.0;1
223000;Charlie;Paris;BANANAS;SEASHELLS;4895.0;1
223100;Caesar;Pablo;PEARLS;SEASHELLS;9998.0;2
223400;Gina;Charlie;BANANAS;SEASHELLS;4902.0;7
223600;Paris;Camilla;PEARLS;SEASHELLS;10002.0;1
223700;Paris;Charlie;BANANAS;SEASHELLS;4903.0;1
223700;Paris;Charlie;PEARLS;SEASHELLS;10005.0;1
223800;Charlie;Paris;BANANAS;SEASHELLS;4897.0;1
223800;Paris;Charlie;PEARLS;SEASHELLS;10002.0;1
224500;Paris;Charlie;PEARLS;SEASHELLS;10002.0;1
224600;Penelope;Caesar;PEARLS;SEASHELLS;10004.0;1
224600;Paris;Charlie;BANANAS;SEASHELLS;4903.0;1
224600;Paris;Charlie;PEARLS;SEASHELLS;10005.0;1
225000;Caesar;Penelope;PEARLS;SEASHELLS;9996.0;1
225600;Charlie;Penelope;BANANAS;SEASHELLS;4894.0;2
225700;Pablo;Charlie;PEARLS;SEASHELLS;10002.0;1
225700;Camilla;Paris;BANANAS;SEASHELLS;4895.0;1
226100;Paris;Pablo;PEARLS;SEASHELLS;9998.0;1
226100;Charlie;Pablo;PEARLS;SEASHELLS;9998.0;4
226700;Gary;Charlie;BANANAS;SEASHELLS;4899.0;13
226700;Camilla;Paris;BANANAS;SEASHELLS;4893.0;2
226700;Camilla;Paris;PEARLS;SEASHELLS;9998.0;2
227300;Charlie;Paris;PEARLS;SEASHELLS;9998.0;1
227700;Charlie;Caesar;BANANAS;SEASHELLS;4895.0;6
227700;Caesar;Paris;PEARLS;SEASHELLS;9996.0;1
227700;Caesar;Paris;BANANAS;SEASHELLS;4893.0;1
228400;Charlie;Paris;BANANAS;SEASHELLS;4892.0;1
228800;Penelope;Camilla;BANANAS;SEASHELLS;4896.0;2
228900;Gina;Camilla;BANANAS;SEASHELLS;4896.0;5
229400;Charlie;Paris;PEARLS;SEASHELLS;9998.0;1
229600;Paris;Camilla;PEARLS;SEASHELLS;10002.0;1
229700;Paris;Charlie;BANANAS;SEASHELLS;4896.0;1
230000;Charlie;Paris;BANANAS;SEASHELLS;4891.0;1
230100;Charlie;Paris;BANANAS;SEASHELLS;4892.0;1
230300;Caesar;Gary;PEARLS;SEASHELLS;9996.0;1
230300;Charlie;Gary;PEARLS;SEASHELLS;9996.0;9
230400;Paris;Camilla;PEARLS;SEASHELLS;10002.0;1
230400;Paris;Camilla;BANANAS;SEASHELLS;4897.0;1
230500;Charlie;Paris;BANANAS;SEASHELLS;4893.0;1
230700;Penelope;Charlie;BANANAS;SEASHELLS;4900.0;6
230900;Paris;Caesar;PEARLS;SEASHELLS;10004.0;1
230900;Paris;Caesar;BANANAS;SEASHELLS;4900.0;1
231300;Camilla;Paris;PEARLS;SEASHELLS;9998.0;1
231600;Charlie;Paris;BANANAS;SEASHELLS;4894.0;1
231700;Penelope;Caesar;PEARLS;SEASHELLS;10000.0;4
231700;Caesar;Paris;BANANAS;SEASHELLS;4894.0;1
232100;Paris;Charlie;PEARLS;SEASHELLS;10002.0;1
232200;Penelope;Charlie;BANANAS;SEASHELLS;4900.0;12
232300;Paris;Camilla;BANANAS;SEASHELLS;4898.0;1
232300;Paris;Camilla;PEARLS;SEASHELLS;10002.0;1
232600;Paris;Caesar;BANANAS;SEASHELLS;4899.0;1
232600;Paris;Pablo;PEARLS;SEASHELLS;9998.0;1
232600;Camilla;Pablo;PEARLS;SEASHELLS;9998.0;2
233000;Pablo;Charlie;BANANAS;SEASHELLS;4896.0;5
233900;Paris;Camilla;BANANAS;SEASHELLS;4897.0;1
234100;Penelope;Charlie;BANANAS;SEASHELLS;4899.0;5
234200;Charlie;Paris;BANANAS;SEASHELLS;4892.0;1
234300;Charlie;Paris;PEARLS;SEASHELLS;9995.0;1
234300;Charlie;Paris;BANANAS;SEASHELLS;4892.0;1
234400;Penelope;Charlie;BANANAS;SEASHELLS;4898.0;2
234500;Charlie;Paris;PEARLS;SEASHELLS;9998.0;1
234700;Paris;Caesar;PEARLS;SEASHELLS;10004.0;1
234700;Paris;Charlie;BANANAS;SEASHELLS;4899.0;2
234700;Paris;Charlie;PEARLS;SEASHELLS;10004.0;1
234800;Camilla;Paris;PEARLS;SEASHELLS;9998.0;1
235200;Charlie;Penelope;PEARLS;SEASHELLS;9995.0;8
235400;Charlie;Gina;BANANAS;SEASHELLS;4892.0;3
235400;Camilla;Gina;BANANAS;SEASHELLS;4892.0;7
236200;Charlie;Pablo;PEARLS;SEASHELLS;9998.0;1
236300;Charlie;Gary;BANANAS;SEASHELLS;4892.0;15
236400;Charlie;Paris;PEARLS;SEASHELLS;9998.0;1
236800;Charlie;Paris;PEARLS;SEASHELLS;9998.0;1
237000;Paris;Caesar;BANANAS;SEASHELLS;4897.0;1
237000;Paris;Pablo;PEARLS;SEASHELLS;9998.0;1
237000;Charlie;Pablo;PEARLS;SEASHELLS;9998.0;3
237300;Charlie;Paris;BANANAS;SEASHELLS;4890.0;1
237300;Caesar;Paris;PEARLS;SEASHELLS;9996.0;1
237400;Charlie;Paris;BANANAS;SEASHELLS;4890.0;1
237400;Charlie;Paris;PEARLS;SEASHELLS;9998.0;1
237700;Camilla;Paris;PEARLS;SEASHELLS;9998.0;1
238000;Charlie;Paris;BANANAS;SEASHELLS;4891.0;1
238300;Camilla;Gary;PEARLS;SEASHELLS;9998.0;5
238700;Charlie;Paris;BANANAS;SEASHELLS;4891.0;1
238700;Paris;Caesar;PEARLS;SEASHELLS;10004.0;1
238700;Paris;Charlie;PEARLS;SEASHELLS;10002.0;1
238700;Paris;Charlie;BANANAS;SEASHELLS;4897.0;1
239300;Gary;Charlie;PEARLS;SEASHELLS;10004.0;8
239300;Gary;Caesar;PEARLS;SEASHELLS;10004.0;1
239300;Paris;Charlie;PEARLS;SEASHELLS;10005.0;1
239300;Paris;Charlie;BANANAS;SEASHELLS;4898.0;1
239900;Pablo;Camilla;BANANAS;SEASHELLS;4897.0;5
240100;Camilla;Pablo;PEARLS;SEASHELLS;9998.0;3
240200;Gary;Caesar;PEARLS;SEASHELLS;10000.0;2
240200;Penelope;Camilla;PEARLS;SEASHELLS;10002.0;5
240700;Paris;Charlie;BANANAS;SEASHELLS;4899.0;1
241000;Charlie;Pablo;PEARLS;SEASHELLS;9998.0;5
241200;Penelope;Charlie;PEARLS;SEASHELLS;10004.0;6
241200;Penelope;Caesar;PEARLS;SEASHELLS;10004.0;2
241400;Camilla;Paris;PEARLS;SEASHELLS;9998.0;1
242000;Charlie;Paris;PEARLS;SEASHELLS;9998.0;1
242400;Penelope;Caesar;PEARLS;SEASHELLS;10004.0;1
243000;Charlie;Paris;BANANAS;SEASHELLS;4894.0;1
243500;Charlie;Penelope;BANANAS;SEASHELLS;4893.0;7
243500;Pablo;Charlie;PEARLS;SEASHELLS;10002.0;1
243600;Camilla;Paris;PEARLS;SEASHELLS;9998.0;1
243900;Charlie;Paris;PEARLS;SEASHELLS;9998.0;1
243900;Penelope;Camilla;BANANAS;SEASHELLS;4896.0;1
243900;Penelope;Charlie;BANANAS;SEASHELLS;4896.0;4
244100;Caesar;Paris;BANANAS;SEASHELLS;4892.0;1
244100;Caesar;Gary;PEARLS;SEASHELLS;9996.0;1
244300;Charlie;Paris;BANANAS;SEASHELLS;4891.0;1
244400;Charlie;Penelope;BANANAS;SEASHELLS;4892.0;10
244500;Caesar;Penelope;BANANAS;SEASHELLS;4892.0;1
245200;Charlie;Paris;BANANAS;SEASHELLS;4892.0;1
245300;Paris;Charlie;PEARLS;SEASHELLS;10002.0;1
245700;Charlie;Penelope;BANANAS;SEASHELLS;4892.0;6
246000;Paris;Charlie;BANANAS;SEASHELLS;4897.0;1
246200;Gary;Charlie;BANANAS;SEASHELLS;4898.0;15
247000;Pablo;Charlie;PEARLS;SEASHELLS;10002.0;5
247000;Charlie;Paris;BANANAS;SEASHELLS;4890.0;1
247000;Charlie;Penelope;BANANAS;SEASHELLS;4890.0;12
247200;Paris;Camilla;BANANAS;SEASHELLS;4895.0;1
247500;Charlie;Penelope;PEARLS;SEASHELLS;9995.0;8
247600;Charlie;Penelope;PEARLS;SEASHELLS;9995.0;7
247900;Charlie;Penelope;BANANAS;SEASHELLS;4888.0;4
248100;Camilla;Paris;PEARLS;SEASHELLS;9998.0;2
248100;Paris;Paris;BANANAS;SEASHELLS;4892.0;1
248200;Charlie;Paris;BANANAS;SEASHELLS;4887.0;1
248400;Charlie;Pablo;BANANAS;SEASHELLS;4888.0;3
248400;Paris;Charlie;PEARLS;SEASHELLS;10005.0;2
248400;Paris;Pablo;BANANAS;SEASHELLS;4888.0;2
248700;Penelope;Charlie;PEARLS;SEASHELLS;10005.0;4
248800;Caesar;Paris;BANANAS;SEASHELLS;4887.0;1
248900;Camilla;Paris;BANANAS;SEASHELLS;4887.0;1
249100;Charlie;Paris;PEARLS;SEASHELLS;9998.0;1
249200;Charlie;Caesar;BANANAS;SEASHELLS;4889.0;3
249400;Charlie;Pablo;PEARLS;SEASHELLS;9998.0;4
249400;Charlie;Paris;BANANAS;SEASHELLS;4887.0;1
249500;Camilla;Paris;PEARLS;SEASHELLS;9998.0;1
249600;Charlie;Pablo;BANANAS;SEASHELLS;4888.0;1
249700;Paris;Camilla;PEARLS;SEASHELLS;10002.0;1
249700;Caesar;Gary;PEARLS;SEASHELLS;9996.0;1
250000;Pablo;Charlie;PEARLS;SEASHELLS;10002.0;5
250200;Charlie;Gary;PEARLS;SEASHELLS;9995.0;9
250400;Charlie;Pablo;BANANAS;SEASHELLS;4887.0;2
250400;Paris;Paris;PEARLS;SEASHELLS;9998.0;1
250400;Paris;Pablo;BANANAS;SEASHELLS;4887.0;2
251400;Paris;Charlie;BANANAS;SEASHELLS;4892.0;1
251700;Paris;Charlie;BANANAS;SEASHELLS;4892.0;1
252000;Charlie;Paris;BANANAS;SEASHELLS;4888.0;1
252000;Charlie;Paris;PEARLS;SEASHELLS;9998.0;1
252200;Penelope;Camilla;BANANAS;SEASHELLS;4893.0;1
252700;Paris;Camilla;BANANAS;SEASHELLS;4893.0;1
252800;Paris;Caesar;PEARLS;SEASHELLS;10004.0;1
252800;Paris;Caesar;BANANAS;SEASHELLS;4894.0;1
253100;Paris;Caesar;BANANAS;SEASHELLS;4894.0;1
253100;Paris;Caesar;PEARLS;SEASHELLS;10004.0;1
253400;Charlie;Paris;BANANAS;SEASHELLS;4888.0;1
253600;Paris;Camilla;BANANAS;SEASHELLS;4893.0;1
253800;Paris;Camilla;PEARLS;SEASHELLS;10002.0;1
254000;Charlie;Paris;BANANAS;SEASHELLS;4889.0;1
254100;Pablo;Charlie;BANANAS;SEASHELLS;4893.0;3
254200;Gary;Caesar;PEARLS;SEASHELLS;10004.0;1
254200;Gary;Charlie;PEARLS;SEASHELLS;10004.0;10
254800;Caesar;Penelope;PEARLS;SEASHELLS;9996.0;2
254900;Caesar;Pablo;PEARLS;SEASHELLS;9998.0;2
255100;Paris;Camilla;BANANAS;SEASHELLS;4893.0;1
255100;Caesar;Pablo;PEARLS;SEASHELLS;9998.0;1
255500;Paris;Charlie;BANANAS;SEASHELLS;4895.0;1
255500;Paris;Charlie;PEARLS;SEASHELLS;10005.0;1
255500;Charlie;Paris;BANANAS;SEASHELLS;4888.0;1
255800;Charlie;Pablo;PEARLS;SEASHELLS;9998.0;5
255900;Caesar;Paris;PEARLS;SEASHELLS;9998.0;1
256000;Paris;Charlie;BANANAS;SEASHELLS;4893.0;1
256100;Camilla;Pablo;PEARLS;SEASHELLS;9998.0;4
256100;Camilla;Paris;BANANAS;SEASHELLS;4888.0;1
256200;Paris;Penelope;BANANAS;SEASHELLS;4893.0;1
256400;Camilla;Paris;BANANAS;SEASHELLS;4888.0;1
256500;Pablo;Paris;BANANAS;SEASHELLS;4892.0;1
257200;Charlie;Paris;BANANAS;SEASHELLS;4891.0;1
257400;Charlie;Pablo;PEARLS;SEASHELLS;9998.0;4
257500;Paris;Charlie;PEARLS;SEASHELLS;10002.0;1
257800;Gina;Charlie;BANANAS;SEASHELLS;4895.0;9
257800;Charlie;Penelope;PEARLS;SEASHELLS;9995.0;6
257900;Paris;Charlie;BANANAS;SEASHELLS;4897.0;2
257900;Paris;Paris;PEARLS;SEASHELLS;9998.0;1
258000;Camilla;Pablo;PEARLS;SEASHELLS;9998.0;5
258500;Pablo;Camilla;PEARLS;SEASHELLS;10002.0;2
258500;Paris;Camilla;BANANAS;SEASHELLS;4897.0;2
258500;Paris;Camilla;PEARLS;SEASHELLS;10002.0;2
258600;Charlie;Pablo;BANANAS;SEASHELLS;4893.0;5
258800;Pablo;Charlie;BANANAS;SEASHELLS;4897.0;3
258800;Penelope;Charlie;BANANAS;SEASHELLS;4900.0;3
258900;Pablo;Paris;PEARLS;SEASHELLS;10002.0;1
258900;Camilla;Paris;BANANAS;SEASHELLS;4893.0;1
259000;Paris;Caesar;PEARLS;SEASHELLS;10004.0;2
259000;Paris;Caesar;BANANAS;SEASHELLS;4899.0;2
259400;Camilla;Paris;BANANAS;SEASHELLS;4892.0;1
259700;Camilla;Paris;BANANAS;SEASHELLS;4891.0;1
260300;Paris;Camilla;PEARLS;SEASHELLS;10002.0;1
260700;Camilla;Paris;PEARLS;SEASHELLS;9998.0;1
260700;Camilla;Paris;BANANAS;SEASHELLS;4892.0;1
260800;Paris;Charlie;BANANAS;SEASHELLS;4897.0;1
261400;Caesar;Paris;BANANAS;SEASHELLS;4892.0;1
261600;Charlie;Pablo;PEARLS;SEASHELLS;9998.0;5
261800;Charlie;Paris;BANANAS;SEASHELLS;4891.0;1
261800;Charlie;Paris;PEARLS;SEASHELLS;9995.0;1
262100;Paris;Charlie;PEARLS;SEASHELLS;10002.0;1
262100;Camilla;Paris;BANANAS;SEASHELLS;4891.0;1
262700;Camilla;Paris;BANANAS;SEASHELLS;4890.0;1
262700;Charlie;Caesar;BANANAS;SEASHELLS;4892.0;2
263100;Charlie;Penelope;BANANAS;SEASHELLS;4890.0;10
263200;Penelope;Caesar;PEARLS;SEASHELLS;10004.0;2
263300;Camilla;Pablo;PEARLS;SEASHELLS;9998.0;2
263300;Charlie;Penelope;BANANAS;SEASHELLS;4890.0;6
263300;Caesar;Penelope;BANANAS;SEASHELLS;4890.0;1
263300;Charlie;Pablo;PEARLS;SEASHELLS;9998.0;1
263300;Camilla;Penelope;BANANAS;SEASHELLS;4890.0;2
263900;Pablo;Charlie;PEARLS;SEASHELLS;10002.0;1
263900;Pablo;Camilla;PEARLS;SEASHELLS;10002.0;4
264100;Paris;Charlie;PEARLS;SEASHELLS;10005.0;2
264100;Paris;Charlie;BANANAS;SEASHELLS;4897.0;2
264500;Camilla;Paris;PEARLS;SEASHELLS;9998.0;1
264700;Charlie;Pablo;PEARLS;SEASHELLS;9998.0;4
264700;Charlie;Paris;PEARLS;SEASHELLS;9998.0;1
264800;Gary;Caesar;PEARLS;SEASHELLS;10004.0;2
265200;Paris;Camilla;BANANAS;SEASHELLS;4895.0;1
265600;Charlie;Paris;PEARLS;SEASHELLS;9998.0;1
265800;Penelope;Caesar;BANANAS;SEASHELLS;4895.0;1
265900;Charlie;Penelope;PEARLS;SEASHELLS;9995.0;4
266000;Charlie;Paris;PEARLS;SEASHELLS;9998.0;1
266600;Paris;Caesar;BANANAS;SEASHELLS;4895.0;1
266700;Paris;Charlie;PEARLS;SEASHELLS;10005.0;2
266700;Paris;Charlie;BANANAS;SEASHELLS;4897.0;2
267100;Pablo;Charlie;PEARLS;SEASHELLS;10002.0;2
267800;Paris;Pablo;BANANAS;SEASHELLS;4893.0;1
267900;Penelope;Caesar;PEARLS;SEASHELLS;10004.0;1
267900;Penelope;Charlie;PEARLS;SEASHELLS;10004.0;4
268200;Paris;Charlie;BANANAS;SEASHELLS;4898.0;2
268200;Paris;Charlie;PEARLS;SEASHELLS;10005.0;2
268200;Charlie;Paris;BANANAS;SEASHELLS;4891.0;1
268300;Charlie;Paris;PEARLS;SEASHELLS;9995.0;1
268300;Charlie;Pablo;BANANAS;SEASHELLS;4892.0;1
268300;Charlie;Paris;BANANAS;SEASHELLS;4891.0;1
268400;Paris;Charlie;BANANAS;SEASHELLS;4896.0;1
268500;Charlie;Paris;BANANAS;SEASHELLS;4891.0;1
269200;Paris;Penelope;BANANAS;SEASHELLS;4895.0;1
269400;Charlie;Paris;BANANAS;SEASHELLS;4890.0;1
269500;Charlie;Pablo;BANANAS;SEASHELLS;4891.0;4
269700;Paris;Charlie;BANANAS;SEASHELLS;4895.0;1
270100;Charlie;Paris;PEARLS;SEASHELLS;9998.0;1
270100;Charlie;Penelope;PEARLS;SEASHELLS;9996.0;4
270100;Caesar;Penelope;PEARLS;SEASHELLS;9996.0;2
270500;Paris;Camilla;BANANAS;SEASHELLS;4896.0;1
270500;Paris;Camilla;PEARLS;SEASHELLS;10002.0;1
271400;Paris;Charlie;PEARLS;SEASHELLS;10002.0;1
271500;Penelope;Charlie;PEARLS;SEASHELLS;10005.0;6
271600;Caesar;Pablo;BANANAS;SEASHELLS;4890.0;5
272500;Charlie;Paris;BANANAS;SEASHELLS;4889.0;2
272500;Caesar;Paris;PEARLS;SEASHELLS;9996.0;2
272900;Charlie;Paris;BANANAS;SEASHELLS;4888.0;1
273100;Pablo;Charlie;PEARLS;SEASHELLS;10002.0;2
273500;Charlie;Gary;PEARLS;SEASHELLS;9995.0;10
273500;Paris;Camilla;PEARLS;SEASHELLS;10002.0;1
273700;Gary;Caesar;PEARLS;SEASHELLS;10004.0;1
274000;Caesar;Penelope;PEARLS;SEASHELLS;9996.0;1
274300;Paris;Caesar;BANANAS;SEASHELLS;4896.0;1
274300;Paris;Caesar;PEARLS;SEASHELLS;10004.0;1
274900;Charlie;Paris;BANANAS;SEASHELLS;4890.0;2
274900;Caesar;Paris;PEARLS;SEASHELLS;9996.0;2
275500;Caesar;Penelope;PEARLS;SEASHELLS;9996.0;1
275600;Charlie;Paris;PEARLS;SEASHELLS;9998.0;1
275700;Charlie;Caesar;BANANAS;SEASHELLS;4892.0;4
275700;Charlie;Paris;PEARLS;SEASHELLS;9998.0;1
276000;Charlie;Pablo;BANANAS;SEASHELLS;4891.0;4
276300;Paris;Caesar;PEARLS;SEASHELLS;10004.0;1
276300;Paris;Charlie;BANANAS;SEASHELLS;4897.0;1
277600;Charlie;Paris;BANANAS;SEASHELLS;4889.0;1
277800;Paris;Camilla;PEARLS;SEASHELLS;10002.0;1
278000;Caesar;Paris;PEARLS;SEASHELLS;9996.0;1
278000;Charlie;Paris;BANANAS;SEASHELLS;4890.0;1
278100;Charlie;Paris;BANANAS;SEASHELLS;4890.0;1
278500;Paris;Camilla;BANANAS;SEASHELLS;4895.0;1
278700;Paris;Charlie;BANANAS;SEASHELLS;4895.0;1
278700;Pablo;Charlie;PEARLS;SEASHELLS;10002.0;1
278700;Pablo;Paris;PEARLS;SEASHELLS;10002.0;1
279000;Paris;Pablo;BANANAS;SEASHELLS;4891.0;1
279300;Caesar;Paris;BANANAS;SEASHELLS;4889.0;1
279500;Charlie;Penelope;BANANAS;SEASHELLS;4889.0;9
279600;Charlie;Paris;BANANAS;SEASHELLS;4890.0;1
279600;Paris;Charlie;PEARLS;SEASHELLS;10002.0;1
280000;Caesar;Penelope;PEARLS;SEASHELLS;9996.0;1
280000;Charlie;Penelope;PEARLS;SEASHELLS;9996.0;1
280200;Paris;Camilla;BANANAS;SEASHELLS;4896.0;1
280500;Caesar;Paris;PEARLS;SEASHELLS;9996.0;1
280500;Charlie;Paris;BANANAS;SEASHELLS;4891.0;1
280500;Charlie;Paris;BANANAS;SEASHELLS;4891.0;2
280700;Paris;Charlie;BANANAS;SEASHELLS;4896.0;1
280800;Pablo;Charlie;PEARLS;SEASHELLS;10002.0;1
280800;Pablo;Camilla;PEARLS;SEASHELLS;10002.0;1
281200;Camilla;Penelope;PEARLS;SEASHELLS;9998.0;4
281200;Charlie;Penelope;PEARLS;SEASHELLS;9998.0;3
281300;Paris;Charlie;BANANAS;SEASHELLS;4896.0;1
281400;Charlie;Pablo;BANANAS;SEASHELLS;4892.0;5
281700;Paris;Charlie;BANANAS;SEASHELLS;4898.0;1
281700;Paris;Caesar;PEARLS;SEASHELLS;10004.0;1
282100;Charlie;Paris;BANANAS;SEASHELLS;4891.0;1
282800;Camilla;Paris;PEARLS;SEASHELLS;9998.0;1
282900;Paris;Charlie;BANANAS;SEASHELLS;4896.0;1
283300;Charlie;Pablo;BANANAS;SEASHELLS;4892.0;2
283400;Charlie;Paris;BANANAS;SEASHELLS;4891.0;1
283600;Charlie;Paris;BANANAS;SEASHELLS;4891.0;1
283600;Paris;Caesar;BANANAS;SEASHELLS;4894.0;2
283600;Paris;Caesar;PEARLS;SEASHELLS;10004.0;2
283700;Paris;Charlie;BANANAS;SEASHELLS;4896.0;1
283900;Camilla;Paris;BANANAS;SEASHELLS;4891.0;1
284700;Charlie;Paris;BANANAS;SEASHELLS;4892.0;2
284700;Caesar;Paris;PEARLS;SEASHELLS;9996.0;2
284800;Charlie;Paris;BANANAS;SEASHELLS;4892.0;1
285000;Caesar;Penelope;PEARLS;SEASHELLS;9996.0;1
285500;Charlie;Paris;BANANAS;SEASHELLS;4892.0;1
285600;Caesar;Penelope;BANANAS;SEASHELLS;4892.0;2
285700;Camilla;Paris;BANANAS;SEASHELLS;4892.0;1
285900;Charlie;Gary;BANANAS;SEASHELLS;4891.0;14
286100;Charlie;Gina;BANANAS;SEASHELLS;4892.0;12
286100;Caesar;Gina;BANANAS;SEASHELLS;4892.0;1
286300;Penelope;Charlie;BANANAS;SEASHELLS;4898.0;11
286400;Paris;Caesar;PEARLS;SEASHELLS;10004.0;1
286400;Paris;Charlie;BANANAS;SEASHELLS;4898.0;1
286500;Paris;Charlie;BANANAS;SEASHELLS;4897.0;1
286600;Paris;Caesar;PEARLS;SEASHELLS;10004.0;1
286600;Paris;Charlie;BANANAS;SEASHELLS;4898.0;1
286800;Charlie;Paris;PEARLS;SEASHELLS;9998.0;1
286900;Pablo;Charlie;BANANAS;SEASHELLS;4896.0;2
287000;Paris;Charlie;BANANAS;SEASHELLS;4897.0;1
287200;Paris;Gary;PEARLS;SEASHELLS;10002.0;1
287300;Charlie;Paris;BANANAS;SEASHELLS;4891.0;1
287500;Paris;Pablo;BANANAS;SEASHELLS;4892.0;1
289900;Charlie;Paris;BANANAS;SEASHELLS;4890.0;2
289900;Penelope;Charlie;PEARLS;SEASHELLS;10005.0;2
289900;Charlie;Paris;PEARLS;SEASHELLS;9995.0;2
290200;Pablo;Charlie;BANANAS;SEASHELLS;4895.0;3
290200;Paris;Charlie;BANANAS;SEASHELLS;4896.0;1
290300;Gary;Charlie;BANANAS;SEASHELLS;4897.0;15
290400;Penelope;Caesar;PEARLS;SEASHELLS;10004.0;2
290400;Paris;Charlie;BANANAS;SEASHELLS;4896.0;1
290400;Paris;Charlie;PEARLS;SEASHELLS;10005.0;1
290400;Penelope;Charlie;PEARLS;SEASHELLS;10004.0;6
290800;Charlie;Paris;PEARLS;SEASHELLS;9998.0;1
290900;Caesar;Paris;PEARLS;SEASHELLS;9996.0;1
290900;Charlie;Paris;BANANAS;SEASHELLS;4890.0;1
291000;Charlie;Penelope;BANANAS;SEASHELLS;4889.0;8
291200;Camilla;Penelope;BANANAS;SEASHELLS;4890.0;8
291200;Camilla;Paris;PEARLS;SEASHELLS;9998.0;1
291400;Charlie;Paris;BANANAS;SEASHELLS;4889.0;1
291500;Charlie;Penelope;PEARLS;SEASHELLS;9995.0;7
291600;Penelope;Caesar;PEARLS;SEASHELLS;10004.0;2
292500;Charlie;Paris;PEARLS;SEASHELLS;9998.0;1
292600;Paris;Caesar;PEARLS;SEASHELLS;10004.0;1
292600;Paris;Charlie;BANANAS;SEASHELLS;4896.0;1
292800;Paris;Charlie;PEARLS;SEASHELLS;10002.0;1
292800;Paris;Gary;BANANAS;SEASHELLS;4895.0;1
292900;Gary;Caesar;PEARLS;SEASHELLS;10004.0;2
293100;Paris;Camilla;BANANAS;SEASHELLS;4895.0;1
293500;Paris;Charlie;BANANAS;SEASHELLS;4897.0;1
293500;Paris;Caesar;PEARLS;SEASHELLS;10000.0;1
293700;Gina;Charlie;BANANAS;SEASHELLS;4896.0;11
293800;Charlie;Paris;BANANAS;SEASHELLS;4892.0;1
293900;Camilla;Paris;PEARLS;SEASHELLS;9998.0;1
293900;Paris;Paris;BANANAS;SEASHELLS;4897.0;1
294300;Caesar;Paris;PEARLS;SEASHELLS;9996.0;1
294300;Charlie;Paris;BANANAS;SEASHELLS;4893.0;2
294400;Penelope;Charlie;PEARLS;SEASHELLS;10005.0;3
294500;Charlie;Pablo;PEARLS;SEASHELLS;9998.0;1
294800;Charlie;Pablo;BANANAS;SEASHELLS;4895.0;5
294900;Gary;Charlie;BANANAS;SEASHELLS;4900.0;20
296400;Camilla;Pablo;PEARLS;SEASHELLS;9998.0;5
296800;Pablo;Charlie;PEARLS;SEASHELLS;10002.0;5
297100;Paris;Caesar;PEARLS;SEASHELLS;10004.0;1
297100;Paris;Charlie;BANANAS;SEASHELLS;4897.0;1
297600;Pablo;Paris;PEARLS;SEASHELLS;10002.0;2
297600;Camilla;Paris;BANANAS;SEASHELLS;4890.0;2
298400;Charlie;Paris;PEARLS;SEASHELLS;9998.0;1
298800;Charlie;Gina;BANANAS;SEASHELLS;4891.0;9
298900;Charlie;Paris;BANANAS;SEASHELLS;4890.0;1
298900;Charlie;Paris;PEARLS;SEASHELLS;9995.0;1
299200;Caesar;Gary;PEARLS;SEASHELLS;9996.0;2
299200;Charlie;Gary;PEARLS;SEASHELLS;9996.0;10
299400;Charlie;Paris;BANANAS;SEASHELLS;4890.0;1
299400;Charlie;Paris;BANANAS;SEASHELLS;4890.0;2
299400;Caesar;Paris;PEARLS;SEASHELLS;9996.0;1
299600;Charlie;Paris;BANANAS;SEASHELLS;4890.0;1
299800;Penelope;Paris;PEARLS;SEASHELLS;9998.0;1
299800;Paris;Charlie;BANANAS;SEASHELLS;4896.0;1
299800;Paris;Caesar;PEARLS;SEASHELLS;10004.0;1
299900;Charlie;Paris;BANANAS;SEASHELLS;4890.0;1
299900;Caesar;Paris;PEARLS;SEASHELLS;9996.0;1
300300;Paris;Charlie;BANANAS;SEASHELLS;4895.0;1
300400;Charlie;Paris;PEARLS;SEASHELLS;9995.0;2
300400;Charlie;Paris;BANANAS;SEASHELLS;4890.0;1
300400;Charlie;Paris;BANANAS;SEASHELLS;4890.0;2
300800;Charlie;Paris;BANANAS;SEASHELLS;4891.0;1
301200;Paris;Charlie;BANANAS;SEASHELLS;4896.0;1
301200;Paris;Caesar;PEARLS;SEASHELLS;10004.0;1
301200;Paris;Charlie;PEARLS;SEASHELLS;10004.0;1
301200;Paris;Charlie;BANANAS;SEASHELLS;4897.0;2
301700;Caesar;Gary;BANANAS;SEASHELLS;4892.0;2
301700;Charlie;Gary;BANANAS;SEASHELLS;4892.0;18
301900;Paris;Charlie;PEARLS;SEASHELLS;10002.0;1
302100;Camilla;Paris;PEARLS;SEASHELLS;9998.0;1
302400;Charlie;Paris;BANANAS;SEASHELLS;4890.0;1
302600;Charlie;Paris;PEARLS;SEASHELLS;9998.0;1
302700;Pablo;Charlie;BANANAS;SEASHELLS;4894.0;5
302700;Charlie;Paris;PEARLS;SEASHELLS;9998.0;1
303000;Camilla;Pablo;PEARLS;SEASHELLS;9998.0;5
303000;Camilla;Penelope;BANANAS;SEASHELLS;4890.0;3
303100;Camilla;Paris;BANANAS;SEASHELLS;4890.0;1
303100;Camilla;Paris;PEARLS;SEASHELLS;9998.0;1
303300;Gina;Penelope;BANANAS;SEASHELLS;4894.0;9
303300;Gina;Charlie;BANANAS;SEASHELLS;4894.0;4
303900;Charlie;Paris;PEARLS;SEASHELLS;9998.0;1
304400;Paris;Caesar;BANANAS;SEASHELLS;4895.0;1
304600;Paris;Charlie;BANANAS;SEASHELLS;4896.0;1
305100;Pablo;Charlie;PEARLS;SEASHELLS;10002.0;1
305200;Pablo;Charlie;PEARLS;SEASHELLS;10002.0;1
305300;Charlie;Pablo;PEARLS;SEASHELLS;9998.0;5
305700;Pablo;Paris;BANANAS;SEASHELLS;4896.0;1
305900;Paris;Paris;BANANAS;SEASHELLS;4897.0;1
305900;Caesar;Paris;PEARLS;SEASHELLS;9996.0;1
306100;Paris;Charlie;BANANAS;SEASHELLS;4897.0;1
306100;Penelope;Caesar;PEARLS;SEASHELLS;10004.0;1
306100;Paris;Charlie;PEARLS;SEASHELLS;10005.0;1
306500;Caesar;Gary;PEARLS;SEASHELLS;9996.0;2
306800;Pablo;Charlie;BANANAS;SEASHELLS;4896.0;2
307000;Camilla;Pablo;PEARLS;SEASHELLS;9998.0;3
307100;Charlie;Paris;BANANAS;SEASHELLS;4891.0;1
307200;Charlie;Paris;BANANAS;SEASHELLS;4891.0;2
307200;Charlie;Paris;PEARLS;SEASHELLS;9995.0;2
307500;Paris;Camilla;BANANAS;SEASHELLS;4897.0;1
307700;Camilla;Paris;BANANAS;SEASHELLS;4892.0;1
308500;Paris;Paris;BANANAS;SEASHELLS;4898.0;1
308500;Charlie;Paris;PEARLS;SEASHELLS;9995.0;1
308600;Camilla;Paris;PEARLS;SEASHELLS;9998.0;1
308600;Camilla;Paris;BANANAS;SEASHELLS;4893.0;1
308700;Charlie;Penelope;BANANAS;SEASHELLS;4893.0;5
308700;Caesar;Penelope;BANANAS;SEASHELLS;4893.0;1
308700;Charlie;Pablo;BANANAS;SEASHELLS;4894.0;4
308800;Gina;Camilla;BANANAS;SEASHELLS;4897.0;3
308800;Gina;Charlie;BANANAS;SEASHELLS;4897.0;6
309000;Charlie;Paris;BANANAS;SEASHELLS;4892.0;1
309300;Camilla;Paris;PEARLS;SEASHELLS;9998.0;1
309400;Paris;Charlie;PEARLS;SEASHELLS;10002.0;1
309400;Paris;Charlie;BANANAS;SEASHELLS;4897.0;1
309800;Paris;Charlie;PEARLS;SEASHELLS;10002.0;1
310000;Paris;Charlie;PEARLS;SEASHELLS;10002.0;1
310000;Gina;Charlie;BANANAS;SEASHELLS;4897.0;9
310500;Paris;Pablo;PEARLS;SEASHELLS;9998.0;1
310800;Paris;Charlie;BANANAS;SEASHELLS;4898.0;1
310900;Camilla;Paris;BANANAS;SEASHELLS;4893.0;1
311000;Charlie;Paris;PEARLS;SEASHELLS;9998.0;1
311100;Paris;Charlie;BANANAS;SEASHELLS;4898.0;1
311700;Charlie;Paris;BANANAS;SEASHELLS;4893.0;1
311800;Paris;Camilla;PEARLS;SEASHELLS;10002.0;1
311800;Gina;Camilla;BANANAS;SEASHELLS;4898.0;5
312300;Caesar;Penelope;PEARLS;SEASHELLS;9996.0;1
312300;Pablo;Camilla;BANANAS;SEASHELLS;4896.0;2
312400;Charlie;Paris;PEARLS;SEASHELLS;9998.0;1
313100;Camilla;Gary;BANANAS;SEASHELLS;4893.0;3
313500;Gary;Caesar;PEARLS;SEASHELLS;10004.0;2
313500;Gary;Charlie;PEARLS;SEASHELLS;10004.0;6
314200;Penelope;Gina;BANANAS;SEASHELLS;4892.0;8
314200;Caesar;Paris;PEARLS;SEASHELLS;9996.0;1
314200;Charlie;Paris;BANANAS;SEASHELLS;4891.0;2
314300;Paris;Penelope;BANANAS;SEASHELLS;4896.0;1
314400;Caesar;Paris;BANANAS;SEASHELLS;4891.0;1
314400;Caesar;Paris;PEARLS;SEASHELLS;9996.0;1
314800;Pablo;Charlie;PEARLS;SEASHELLS;10002.0;4
314900;Caesar;Paris;PEARLS;SEASHELLS;9996.0;1
314900;Charlie;Paris;BANANAS;SEASHELLS;4891.0;1
315100;Camilla;Paris;BANANAS;SEASHELLS;4891.0;1
315100;Camilla;Pablo;PEARLS;SEASHELLS;9998.0;1
315700;Paris;Camilla;BANANAS;SEASHELLS;4897.0;1
316000;Paris;Charlie;BANANAS;SEASHELLS;4896.0;1
316300;Penelope;Charlie;BANANAS;SEASHELLS;4897.0;7
316300;Camilla;Paris;BANANAS;SEASHELLS;4891.0;1
316400;Paris;Charlie;PEARLS;SEASHELLS;10002.0;1
316500;Caesar;Paris;BANANAS;SEASHELLS;4891.0;1
316600;Caesar;Paris;PEARLS;SEASHELLS;9996.0;2
316600;Charlie;Paris;BANANAS;SEASHELLS;4891.0;2
317000;Paris;Paris;PEARLS;SEASHELLS;9998.0;1
317000;Paris;Caesar;BANANAS;SEASHELLS;4897.0;1
317200;Charlie;Paris;BANANAS;SEASHELLS;4891.0;1
317300;Charlie;Paris;PEARLS;SEASHELLS;9998.0;1
317400;Camilla;Paris;BANANAS;SEASHELLS;4892.0;1
317900;Paris;Charlie;BANANAS;SEASHELLS;4896.0;1
318500;Paris;Camilla;BANANAS;SEASHELLS;4897.0;1
318600;Charlie;Paris;PEARLS;SEASHELLS;9996.0;1
318600;Charlie;Paris;BANANAS;SEASHELLS;4891.0;2
318600;Caesar;Paris;PEARLS;SEASHELLS;9996.0;1
319000;Paris;Charlie;BANANAS;SEASHELLS;4895.0;1
319300;Caesar;Gary;PEARLS;SEASHELLS;9996.0;1
319500;Penelope;Camilla;PEARLS;SEASHELLS;10002.0;7
319500;Paris;Camilla;PEARLS;SEASHELLS;10002.0;1
320000;Paris;Charlie;PEARLS;SEASHELLS;10002.0;1
320100;Penelope;Charlie;PEARLS;SEASHELLS;10005.0;2
320300;Paris;Camilla;PEARLS;SEASHELLS;10002.0;1
320600;Caesar;Paris;PEARLS;SEASHELLS;9996.0;1
320600;Charlie;Paris;BANANAS;SEASHELLS;4890.0;1
321000;Charlie;Paris;BANANAS;SEASHELLS;4890.0;1
321200;Camilla;Paris;PEARLS;SEASHELLS;9998.0;1
321500;Paris;Charlie;PEARLS;SEASHELLS;10002.0;1
321600;Charlie;Paris;PEARLS;SEASHELLS;9998.0;1
321700;Pablo;Camilla;PEARLS;SEASHELLS;10002.0;2
322600;Paris;Charlie;PEARLS;SEASHELLS;10002.0;1
322800;Penelope;Camilla;BANANAS;SEASHELLS;4895.0;1
322900;Camilla;Paris;PEARLS;SEASHELLS;9998.0;2
322900;Camilla;Paris;BANANAS;SEASHELLS;4890.0;2
322900;Camilla;Penelope;PEARLS;SEASHELLS;9998.0;5
322900;Camilla;Paris;PEARLS;SEASHELLS;9998.0;1
323000;Paris;Pablo;BANANAS;SEASHELLS;4891.0;1
323000;Charlie;Pablo;BANANAS;SEASHELLS;4891.0;4
323600;Paris;Charlie;BANANAS;SEASHELLS;4894.0;1
323700;Pablo;Charlie;PEARLS;SEASHELLS;10002.0;2
323700;Paris;Charlie;BANANAS;SEASHELLS;4895.0;1
324100;Paris;Charlie;BANANAS;SEASHELLS;4895.0;2
324100;Paris;Charlie;PEARLS;SEASHELLS;10004.0;1
324100;Paris;Caesar;PEARLS;SEASHELLS;10004.0;1
324600;Paris;Charlie;PEARLS;SEASHELLS;10002.0;1
324800;Paris;Charlie;BANANAS;SEASHELLS;4894.0;1
325400;Camilla;Paris;BANANAS;SEASHELLS;4888.0;1
325400;Camilla;Paris;PEARLS;SEASHELLS;9998.0;1
325600;Paris;Caesar;PEARLS;SEASHELLS;10004.0;1
325600;Paris;Caesar;BANANAS;SEASHELLS;4894.0;1
326200;Pablo;Charlie;PEARLS;SEASHELLS;10002.0;1
326200;Paris;Caesar;BANANAS;SEASHELLS;4894.0;1
326200;Paris;Caesar;PEARLS;SEASHELLS;10004.0;1
326600;Gary;Camilla;BANANAS;SEASHELLS;4892.0;8
326600;Gary;Charlie;BANANAS;SEASHELLS;4892.0;6
326900;Charlie;Paris;BANANAS;SEASHELLS;4888.0;1
326900;Gina;Camilla;PEARLS;SEASHELLS;10002.0;2
327300;Paris;Charlie;BANANAS;SEASHELLS;4894.0;1
327300;Paris;Charlie;PEARLS;SEASHELLS;10005.0;1
327400;Paris;Paris;PEARLS;SEASHELLS;10002.0;1
327400;Charlie;Paris;BANANAS;SEASHELLS;4887.0;2
327800;Charlie;Paris;BANANAS;SEASHELLS;4887.0;1
328400;Paris;Charlie;BANANAS;SEASHELLS;4893.0;1
328700;Charlie;Paris;PEARLS;SEASHELLS;9995.0;2
328700;Charlie;Paris;BANANAS;SEASHELLS;4889.0;2
329500;Paris;Charlie;PEARLS;SEASHELLS;10005.0;2
329500;Paris;Charlie;BANANAS;SEASHELLS;4896.0;2
329700;Charlie;Paris;BANANAS;SEASHELLS;4890.0;1
330200;Paris;Charlie;BANANAS;SEASHELLS;4896.0;1
330300;Paris;Camilla;BANANAS;SEASHELLS;4895.0;2
330300;Paris;Camilla;PEARLS;SEASHELLS;10002.0;2
330400;Camilla;Paris;BANANAS;SEASHELLS;4891.0;1
330600;Charlie;Paris;BANANAS;SEASHELLS;4890.0;1
330800;Paris;Caesar;PEARLS;SEASHELLS;10004.0;1
330800;Paris;Charlie;BANANAS;SEASHELLS;4896.0;1
330900;Paris;Camilla;BANANAS;SEASHELLS;4894.0;1
331100;Caesar;Paris;BANANAS;SEASHELLS;4889.0;1
331200;Camilla;Paris;BANANAS;SEASHELLS;4890.0;1
331200;Paris;Paris;PEARLS;SEASHELLS;10002.0;1
331400;Camilla;Paris;PEARLS;SEASHELLS;9998.0;1
331800;Paris;Charlie;PEARLS;SEASHELLS;10002.0;1
332100;Camilla;Paris;BANANAS;SEASHELLS;4888.0;1
332100;Camilla;Paris;PEARLS;SEASHELLS;9998.0;1
332300;Charlie;Paris;BANANAS;SEASHELLS;4887.0;1
332300;Paris;Charlie;PEARLS;SEASHELLS;10002.0;1
332400;Paris;Charlie;PEARLS;SEASHELLS;10005.0;2
332400;Paris;Charlie;BANANAS;SEASHELLS;4893.0;2
332700;Gary;Caesar;PEARLS;SEASHELLS;10004.0;2
334000;Paris;Charlie;BANANAS;SEASHELLS;4893.0;1
334300;Paris;Caesar;BANANAS;SEASHELLS;4893.0;1
335500;Charlie;Penelope;BANANAS;SEASHELLS;4888.0;4
336100;Charlie;Paris;BANANAS;SEASHELLS;4888.0;1
336700;Paris;Charlie;BANANAS;SEASHELLS;4892.0;1
336700;Paris;Caesar;PEARLS;SEASHELLS;10004.0;1
337000;Charlie;Paris;PEARLS;SEASHELLS;9998.0;1
337100;Camilla;Paris;PEARLS;SEASHELLS;9998.0;1
337900;Paris;Camilla;BANANAS;SEASHELLS;4893.0;1
338200;Caesar;Paris;PEARLS;SEASHELLS;9996.0;1
338200;Charlie;Paris;BANANAS;SEASHELLS;4887.0;1
338400;Charlie;Paris;PEARLS;SEASHELLS;9998.0;1
338600;Charlie;Penelope;BANANAS;SEASHELLS;4885.0;2
338900;Penelope;Charlie;BANANAS;SEASHELLS;4892.0;8
339400;Gina;Camilla;BANANAS;SEASHELLS;4891.0;3
339500;Charlie;Penelope;BANANAS;SEASHELLS;4886.0;11
339700;Charlie;Penelope;PEARLS;SEASHELLS;9995.0;2
340200;Paris;Camilla;BANANAS;SEASHELLS;4890.0;1
340400;Caesar;Paris;PEARLS;SEASHELLS;9996.0;1
340400;Caesar;Paris;BANANAS;SEASHELLS;4888.0;1
341100;Charlie;Paris;PEARLS;SEASHELLS;9998.0;1
341400;Paris;Charlie;BANANAS;SEASHELLS;4893.0;1
341800;Gina;Charlie;BANANAS;SEASHELLS;4893.0;11
342000;Paris;Charlie;PEARLS;SEASHELLS;10002.0;1
342800;Charlie;Paris;BANANAS;SEASHELLS;4885.0;1
342800;Penelope;Caesar;PEARLS;SEASHELLS;10004.0;1
342800;Penelope;Charlie;PEARLS;SEASHELLS;10004.0;1
342800;Penelope;Paris;PEARLS;SEASHELLS;10004.0;1
342900;Charlie;Paris;BANANAS;SEASHELLS;4884.0;2
342900;Caesar;Paris;PEARLS;SEASHELLS;9996.0;1
342900;Caesar;Paris;BANANAS;SEASHELLS;4885.0;1
343200;Pablo;Charlie;PEARLS;SEASHELLS;10002.0;3
343300;Caesar;Paris;BANANAS;SEASHELLS;4884.0;1
343500;Caesar;Gary;BANANAS;SEASHELLS;4884.0;1
343700;Penelope;Camilla;BANANAS;SEASHELLS;4888.0;3
343700;Penelope;Charlie;BANANAS;SEASHELLS;4888.0;9
343800;Paris;Charlie;BANANAS;SEASHELLS;4888.0;1
344100;Charlie;Paris;PEARLS;SEASHELLS;9998.0;1
344300;Pablo;Charlie;PEARLS;SEASHELLS;10002.0;3
344700;Charlie;Pablo;BANANAS;SEASHELLS;4885.0;3
344800;Charlie;Penelope;PEARLS;SEASHELLS;9995.0;5
344900;Charlie;Paris;BANANAS;SEASHELLS;4883.0;2
344900;Charlie;Paris;PEARLS;SEASHELLS;9995.0;2
345200;Paris;Charlie;BANANAS;SEASHELLS;4889.0;1
345300;Charlie;Paris;PEARLS;SEASHELLS;9998.0;1
345500;Paris;Camilla;BANANAS;SEASHELLS;4889.0;1
346400;Caesar;Paris;BANANAS;SEASHELLS;4884.0;1
346600;Pablo;Charlie;BANANAS;SEASHELLS;4887.0;2
346700;Penelope;Camilla;BANANAS;SEASHELLS;4887.0;4
346800;Penelope;Charlie;PEARLS;SEASHELLS;10005.0;5
346900;Charlie;Paris;PEARLS;SEASHELLS;9998.0;1
347100;Pablo;Charlie;BANANAS;SEASHELLS;4887.0;5
347100;Paris;Charlie;PEARLS;SEASHELLS;10002.0;1
347300;Gary;Caesar;PEARLS;SEASHELLS;10004.0;2
347900;Charlie;Penelope;PEARLS;SEASHELLS;9995.0;7
348100;Camilla;Pablo;PEARLS;SEASHELLS;9998.0;5
348900;Charlie;Pablo;BANANAS;SEASHELLS;4885.0;2
349300;Paris;Caesar;BANANAS;SEASHELLS;4891.0;1
349400;Paris;Camilla;BANANAS;SEASHELLS;4891.0;1
350300;Pablo;Charlie;PEARLS;SEASHELLS;10002.0;2
350400;Charlie;Paris;BANANAS;SEASHELLS;4888.0;1
350600;Charlie;Gary;BANANAS;SEASHELLS;4887.0;16
350900;Charlie;Caesar;BANANAS;SEASHELLS;4890.0;5
350900;Paris;Caesar;BANANAS;SEASHELLS;4893.0;1
351000;Paris;Charlie;PEARLS;SEASHELLS;10002.0;1
351300;Penelope;Charlie;BANANAS;SEASHELLS;4895.0;6
351700;Camilla;Paris;PEARLS;SEASHELLS;9998.0;1
351900;Pablo;Paris;PEARLS;SEASHELLS;10002.0;1
351900;Charlie;Paris;BANANAS;SEASHELLS;4888.0;1
352000;Gina;Caesar;BANANAS;SEASHELLS;4893.0;6
352000;Gina;Charlie;BANANAS;SEASHELLS;4893.0;6
353100;Pablo;Camilla;PEARLS;SEASHELLS;10002.0;1
353900;Caesar;Gary;PEARLS;SEASHELLS;9996.0;1
353900;Charlie;Paris;BANANAS;SEASHELLS;4887.0;1
354600;Charlie;Paris;BANANAS;SEASHELLS;4887.0;1
354900;Penelope;Charlie;BANANAS;SEASHELLS;4893.0;7
355000;Paris;Charlie;PEARLS;SEASHELLS;10002.0;1
355000;Paris;Charlie;BANANAS;SEASHELLS;4892.0;1
355600;Camilla;Paris;BANANAS;SEASHELLS;4887.0;1
355700;Penelope;Charlie;PEARLS;SEASHELLS;10005.0;4
355800;Camilla;Paris;BANANAS;SEASHELLS;4887.0;1
355800;Charlie;Pablo;BANANAS;SEASHELLS;4888.0;1
355800;Camilla;Pablo;BANANAS;SEASHELLS;4888.0;3
356600;Charlie;Penelope;BANANAS;SEASHELLS;4886.0;7
356800;Charlie;Pablo;PEARLS;SEASHELLS;9998.0;4
356800;Charlie;Pablo;BANANAS;SEASHELLS;4887.0;2
357200;Camilla;Penelope;PEARLS;SEASHELLS;9998.0;7
357400;Charlie;Pablo;PEARLS;SEASHELLS;9998.0;1
357600;Penelope;Charlie;BANANAS;SEASHELLS;4890.0;6
357600;Charlie;Paris;BANANAS;SEASHELLS;4883.0;2
357600;Charlie;Paris;PEARLS;SEASHELLS;9995.0;2
358100;Charlie;Paris;BANANAS;SEASHELLS;4884.0;1
358200;Charlie;Gina;BANANAS;SEASHELLS;4886.0;8
358300;Gina;Charlie;BANANAS;SEASHELLS;4890.0;8
358500;Charlie;Paris;PEARLS;SEASHELLS;9998.0;1
358500;Penelope;Charlie;BANANAS;SEASHELLS;4891.0;3
358900;Paris;Paris;PEARLS;SEASHELLS;10002.0;1
358900;Charlie;Paris;BANANAS;SEASHELLS;4884.0;1
359100;Penelope;Caesar;PEARLS;SEASHELLS;10004.0;1
359300;Paris;Charlie;PEARLS;SEASHELLS;10005.0;1
359300;Paris;Charlie;BANANAS;SEASHELLS;4892.0;1
359400;Caesar;Penelope;BANANAS;SEASHELLS;4886.0;1
359400;Charlie;Penelope;BANANAS;SEASHELLS;4886.0;1
359700;Paris;Charlie;PEARLS;SEASHELLS;10002.0;1
359900;Caesar;Paris;PEARLS;SEASHELLS;9996.0;1
359900;Charlie;Paris;BANANAS;SEASHELLS;4885.0;2
360000;Paris;Charlie;BANANAS;SEASHELLS;4892.0;1
360000;Paris;Charlie;PEARLS;SEASHELLS;10005.0;1
360300;Pablo;Charlie;PEARLS;SEASHELLS;10002.0;2
360600;Charlie;Penelope;PEARLS;SEASHELLS;9996.0;3
360600;Caesar;Penelope;PEARLS;SEASHELLS;9996.0;2
360600;Charlie;Pablo;BANANAS;SEASHELLS;4886.0;2
361800;Charlie;Paris;PEARLS;SEASHELLS;9998.0;1
362000;Charlie;Gary;PEARLS;SEASHELLS;9995.0;11
362100;Paris;Caesar;PEARLS;SEASHELLS;10002.0;1
362400;Gina;Charlie;BANANAS;SEASHELLS;4889.0;8
362400;Gina;Camilla;BANANAS;SEASHELLS;4889.0;1
362900;Paris;Charlie;BANANAS;SEASHELLS;4889.0;1
363100;Charlie;Paris;PEARLS;SEASHELLS;9998.0;1
363200;Paris;Charlie;PEARLS;SEASHELLS;10005.0;2
363200;Paris;Charlie;BANANAS;SEASHELLS;4890.0;2
363300;Charlie;Paris;BANANAS;SEASHELLS;4884.0;1
363600;Pablo;Caesar;PEARLS;SEASHELLS;10002.0;4
363600;Charlie;Paris;BANANAS;SEASHELLS;4883.0;1
363600;Pablo;Charlie;PEARLS;SEASHELLS;10002.0;1
363800;Pablo;Camilla;BANANAS;SEASHELLS;4888.0;3
363800;Paris;Camilla;BANANAS;SEASHELLS;4889.0;1
364000;Penelope;Camilla;PEARLS;SEASHELLS;10002.0;3
364000;Pablo;Camilla;BANANAS;SEASHELLS;4889.0;1
364000;Paris;Camilla;PEARLS;SEASHELLS;10002.0;1
364000;Penelope;Charlie;PEARLS;SEASHELLS;10002.0;1
364100;Charlie;Paris;PEARLS;SEASHELLS;9998.0;1
364300;Paris;Charlie;BANANAS;SEASHELLS;4891.0;1
364400;Charlie;Pablo;BANANAS;SEASHELLS;4887.0;2
364400;Charlie;Paris;PEARLS;SEASHELLS;9998.0;1
364900;Caesar;Penelope;BANANAS;SEASHELLS;4887.0;2
365000;Pablo;Charlie;PEARLS;SEASHELLS;10002.0;4
365000;Pablo;Paris;PEARLS;SEASHELLS;10002.0;1
365100;Camilla;Paris;PEARLS;SEASHELLS;9998.0;1
365200;Paris;Charlie;BANANAS;SEASHELLS;4893.0;2
365200;Paris;Caesar;PEARLS;SEASHELLS;10004.0;2
365400;Charlie;Paris;BANANAS;SEASHELLS;4886.0;1
365600;Caesar;Pablo;PEARLS;SEASHELLS;9998.0;3
365600;Paris;Paris;BANANAS;SEASHELLS;4887.0;1
365600;Paris;Caesar;PEARLS;SEASHELLS;10004.0;2
365900;Caesar;Penelope;PEARLS;SEASHELLS;9996.0;1
365900;Charlie;Penelope;PEARLS;SEASHELLS;9996.0;3
366000;Paris;Gary;PEARLS;SEASHELLS;10002.0;1
366300;Charlie;Gina;BANANAS;SEASHELLS;4887.0;8
366700;Paris;Charlie;BANANAS;SEASHELLS;4890.0;1
367400;Paris;Charlie;BANANAS;SEASHELLS;4892.0;1
367400;Paris;Pablo;PEARLS;SEASHELLS;9998.0;1
368000;Paris;Camilla;PEARLS;SEASHELLS;10002.0;1
368000;Charlie;Pablo;BANANAS;SEASHELLS;4887.0;5
368700;Pablo;Charlie;PEARLS;SEASHELLS;10002.0;4
368700;Paris;Charlie;PEARLS;SEASHELLS;10005.0;1
368700;Paris;Charlie;BANANAS;SEASHELLS;4893.0;1
368900;Paris;Pablo;PEARLS;SEASHELLS;9998.0;1
369000;Charlie;Paris;BANANAS;SEASHELLS;4885.0;1
369100;Caesar;Gary;PEARLS;SEASHELLS;9996.0;2
369500;Charlie;Penelope;BANANAS;SEASHELLS;4885.0;9
369600;Pablo;Penelope;PEARLS;SEASHELLS;10002.0;4
369700;Charlie;Paris;PEARLS;SEASHELLS;9998.0;1
370100;Pablo;Camilla;BANANAS;SEASHELLS;4890.0;2
370100;Pablo;Charlie;BANANAS;SEASHELLS;4890.0;2
370200;Gary;Charlie;BANANAS;SEASHELLS;4892.0;19
370500;Charlie;Paris;BANANAS;SEASHELLS;4886.0;1
370900;Gina;Camilla;PEARLS;SEASHELLS;10002.0;6
371200;Penelope;Charlie;BANANAS;SEASHELLS;4893.0;10
371600;Charlie;Paris;BANANAS;SEASHELLS;4887.0;1
371600;Paris;Charlie;PEARLS;SEASHELLS;10002.0;1
371600;Pablo;Charlie;PEARLS;SEASHELLS;10002.0;4
372000;Charlie;Paris;BANANAS;SEASHELLS;4886.0;1
372300;Camilla;Gina;BANANAS;SEASHELLS;4887.0;7
372700;Caesar;Gina;BANANAS;SEASHELLS;4886.0;2
372800;Paris;Paris;BANANAS;SEASHELLS;4886.0;1
372800;Paris;Caesar;PEARLS;SEASHELLS;10004.0;1
372900;Paris;Pablo;BANANAS;SEASHELLS;4887.0;1
373200;Gina;Paris;PEARLS;SEASHELLS;9998.0;1
373600;Camilla;Paris;BANANAS;SEASHELLS;4887.0;1
373600;Charlie;Paris;BANANAS;SEASHELLS;4886.0;1
373600;Camilla;Paris;PEARLS;SEASHELLS;9998.0;1
373900;Paris;Pablo;PEARLS;SEASHELLS;9998.0;1
374100;Pablo;Camilla;BANANAS;SEASHELLS;4891.0;2
374700;Charlie;Paris;PEARLS;SEASHELLS;9998.0;1
375100;Charlie;Paris;BANANAS;SEASHELLS;4887.0;1
375100;Charlie;Penelope;BANANAS;SEASHELLS;4887.0;2
375400;Camilla;Paris;BANANAS;SEASHELLS;4888.0;1
375700;Gary;Charlie;BANANAS;SEASHELLS;4894.0;16
375900;Paris;Pablo;PEARLS;SEASHELLS;9998.0;1
376000;Charlie;Paris;PEARLS;SEASHELLS;9998.0;1
376100;Pablo;Charlie;PEARLS;SEASHELLS;10002.0;2
376400;Paris;Caesar;BANANAS;SEASHELLS;4889.0;1
376400;Paris;Camilla;PEARLS;SEASHELLS;10002.0;1
376400;Pablo;Camilla;PEARLS;SEASHELLS;10002.0;2
376800;Paris;Paris;PEARLS;SEASHELLS;9998.0;1
376800;Paris;Charlie;BANANAS;SEASHELLS;4893.0;2
377000;Camilla;Paris;PEARLS;SEASHELLS;9998.0;1
377200;Camilla;Paris;PEARLS;SEASHELLS;9998.0;1
377400;Paris;Caesar;PEARLS;SEASHELLS;10004.0;1
377400;Paris;Caesar;BANANAS;SEASHELLS;4892.0;1
377800;Charlie;Caesar;BANANAS;SEASHELLS;4888.0;5
378000;Charlie;Paris;PEARLS;SEASHELLS;9998.0;1
378300;Gina;Charlie;BANANAS;SEASHELLS;4891.0;9
378400;Pablo;Paris;PEARLS;SEASHELLS;10002.0;1
378400;Pablo;Camilla;PEARLS;SEASHELLS;10002.0;3
378500;Paris;Charlie;PEARLS;SEASHELLS;10002.0;1
378500;Paris;Charlie;BANANAS;SEASHELLS;4891.0;1
378600;Charlie;Gary;BANANAS;SEASHELLS;4886.0;12
379100;Paris;Charlie;BANANAS;SEASHELLS;4891.0;1
379500;Paris;Charlie;BANANAS;SEASHELLS;4892.0;1
379600;Charlie;Paris;BANANAS;SEASHELLS;4888.0;1
379800;Charlie;Paris;BANANAS;SEASHELLS;4887.0;1
380200;Paris;Charlie;BANANAS;SEASHELLS;4892.0;1
380500;Charlie;Pablo;BANANAS;SEASHELLS;4889.0;5
380900;Charlie;Paris;BANANAS;SEASHELLS;4888.0;1
380900;Charlie;Pablo;BANANAS;SEASHELLS;4889.0;5
381100;Charlie;Paris;BANANAS;SEASHELLS;4888.0;1
381100;Penelope;Paris;PEARLS;SEASHELLS;10002.0;1
381100;Penelope;Camilla;PEARLS;SEASHELLS;10002.0;4
381300;Paris;Charlie;BANANAS;SEASHELLS;4895.0;1
381300;Paris;Caesar;PEARLS;SEASHELLS;10004.0;1
381500;Paris;Camilla;BANANAS;SEASHELLS;4894.0;1
381700;Charlie;Paris;PEARLS;SEASHELLS;9998.0;1
381700;Charlie;Paris;BANANAS;SEASHELLS;4888.0;1
381700;Charlie;Penelope;BANANAS;SEASHELLS;4888.0;5
381800;Paris;Charlie;BANANAS;SEASHELLS;4895.0;1
381800;Paris;Charlie;PEARLS;SEASHELLS;10005.0;1
381900;Caesar;Paris;BANANAS;SEASHELLS;4889.0;1
382200;Charlie;Penelope;PEARLS;SEASHELLS;9995.0;3
382500;Charlie;Paris;PEARLS;SEASHELLS;9998.0;1
383600;Paris;Camilla;BANANAS;SEASHELLS;4896.0;1
383900;Paris;Charlie;PEARLS;SEASHELLS;10004.0;1
383900;Paris;Caesar;BANANAS;SEASHELLS;4894.0;2
383900;Paris;Caesar;PEARLS;SEASHELLS;10004.0;1
383900;Camilla;Pablo;PEARLS;SEASHELLS;9998.0;4
384600;Paris;Charlie;BANANAS;SEASHELLS;4897.0;1
384600;Paris;Charlie;PEARLS;SEASHELLS;10005.0;1
384900;Camilla;Paris;PEARLS;SEASHELLS;9998.0;1
385000;Charlie;Paris;BANANAS;SEASHELLS;4890.0;1
385000;Charlie;Paris;PEARLS;SEASHELLS;9995.0;1
385300;Pablo;Paris;BANANAS;SEASHELLS;4894.0;1
385300;Charlie;Paris;PEARLS;SEASHELLS;9995.0;1
385300;Pablo;Camilla;PEARLS;SEASHELLS;10002.0;1
385600;Paris;Charlie;BANANAS;SEASHELLS;4894.0;1
385800;Paris;Charlie;BANANAS;SEASHELLS;4894.0;1
385800;Pablo;Charlie;BANANAS;SEASHELLS;4893.0;4
385900;Paris;Charlie;PEARLS;SEASHELLS;10002.0;1
386000;Gina;Charlie;BANANAS;SEASHELLS;4894.0;7
386100;Paris;Charlie;PEARLS;SEASHELLS;10002.0;1
386200;Paris;Charlie;BANANAS;SEASHELLS;4896.0;2
386200;Paris;Caesar;PEARLS;SEASHELLS;10004.0;2
386300;Paris;Camilla;BANANAS;SEASHELLS;4895.0;1
386400;Pablo;Charlie;PEARLS;SEASHELLS;10002.0;2
386500;Charlie;Penelope;BANANAS;SEASHELLS;4889.0;7
386600;Charlie;Pablo;PEARLS;SEASHELLS;9998.0;2
386700;Paris;Caesar;PEARLS;SEASHELLS;10004.0;2
386700;Paris;Charlie;BANANAS;SEASHELLS;4897.0;2
386800;Pablo;Charlie;BANANAS;SEASHELLS;4895.0;3
386800;Pablo;Charlie;PEARLS;SEASHELLS;10002.0;4
387100;Pablo;Camilla;BANANAS;SEASHELLS;4894.0;3
387900;Paris;Charlie;BANANAS;SEASHELLS;4895.0;1
388000;Charlie;Pablo;PEARLS;SEASHELLS;9998.0;2
388700;Charlie;Paris;BANANAS;SEASHELLS;4890.0;1
389000;Paris;Caesar;PEARLS;SEASHELLS;10004.0;1
389000;Paris;Charlie;BANANAS;SEASHELLS;4896.0;1
389200;Paris;Camilla;BANANAS;SEASHELLS;4895.0;1
389300;Caesar;Gary;PEARLS;SEASHELLS;9996.0;2
389300;Charlie;Gary;PEARLS;SEASHELLS;9996.0;10
389400;Charlie;Pablo;BANANAS;SEASHELLS;4890.0;4
389400;Charlie;Paris;PEARLS;SEASHELLS;9995.0;1
389400;Charlie;Paris;BANANAS;SEASHELLS;4889.0;1
389900;Paris;Charlie;PEARLS;SEASHELLS;10002.0;1
390200;Paris;Charlie;BANANAS;SEASHELLS;4895.0;2
390200;Paris;Caesar;PEARLS;SEASHELLS;10004.0;1
390600;Camilla;Paris;PEARLS;SEASHELLS;9998.0;1
391500;Gary;Charlie;PEARLS;SEASHELLS;10005.0;8
391500;Charlie;Paris;BANANAS;SEASHELLS;4888.0;1
392000;Caesar;Paris;PEARLS;SEASHELLS;9996.0;1
392000;Charlie;Paris;BANANAS;SEASHELLS;4888.0;2
392000;Charlie;Paris;PEARLS;SEASHELLS;9996.0;1
392200;Camilla;Paris;BANANAS;SEASHELLS;4889.0;1
392700;Charlie;Gina;BANANAS;SEASHELLS;4889.0;8
392700;Caesar;Gina;BANANAS;SEASHELLS;4889.0;2
392800;Paris;Caesar;PEARLS;SEASHELLS;10004.0;2
392800;Paris;Caesar;BANANAS;SEASHELLS;4894.0;2
393000;Charlie;Paris;PEARLS;SEASHELLS;9998.0;1
393300;Paris;Camilla;BANANAS;SEASHELLS;4893.0;1
393400;Charlie;Gary;BANANAS;SEASHELLS;4888.0;14
393500;Penelope;Charlie;BANANAS;SEASHELLS;4895.0;4
393800;Caesar;Paris;BANANAS;SEASHELLS;4888.0;2
393800;Charlie;Paris;PEARLS;SEASHELLS;9998.0;1
393800;Caesar;Paris;PEARLS;SEASHELLS;9996.0;2
394100;Paris;Charlie;BANANAS;SEASHELLS;4893.0;2
394100;Charlie;Gina;PEARLS;SEASHELLS;9998.0;1
394100;Penelope;Gina;PEARLS;SEASHELLS;9998.0;7
394100;Paris;Gina;PEARLS;SEASHELLS;9998.0;2
394200;Charlie;Paris;PEARLS;SEASHELLS;9998.0;1
394200;Charlie;Paris;BANANAS;SEASHELLS;4887.0;1
394300;Paris;Charlie;BANANAS;SEASHELLS;4893.0;1
394300;Paris;Caesar;PEARLS;SEASHELLS;10004.0;1
394600;Charlie;Paris;BANANAS;SEASHELLS;4887.0;1
394600;Charlie;Penelope;PEARLS;SEASHELLS;9995.0;2
395300;Charlie;Pablo;PEARLS;SEASHELLS;9998.0;5
395500;Charlie;Gary;BANANAS;SEASHELLS;4887.0;18
395600;Camilla;Paris;BANANAS;SEASHELLS;4889.0;1
395600;Camilla;Paris;PEARLS;SEASHELLS;9998.0;1
396100;Camilla;Pablo;PEARLS;SEASHELLS;9998.0;2
396200;Gary;Charlie;PEARLS;SEASHELLS;10005.0;8
396300;Paris;Charlie;PEARLS;SEASHELLS;10002.0;1
397000;Paris;Caesar;PEARLS;SEASHELLS;10004.0;1
397000;Paris;Charlie;BANANAS;SEASHELLS;4895.0;2
397300;Paris;Camilla;PEARLS;SEASHELLS;10002.0;1
397600;Charlie;Paris;PEARLS;SEASHELLS;9995.0;2
397600;Pablo;Paris;BANANAS;SEASHELLS;4893.0;2
397700;Charlie;Gina;BANANAS;SEASHELLS;4890.0;8
397700;Charlie;Pablo;PEARLS;SEASHELLS;9998.0;4
397700;Charlie;Paris;BANANAS;SEASHELLS;4889.0;1
398000;Gary;Caesar;PEARLS;SEASHELLS;10004.0;1
398000;Gary;Charlie;PEARLS;SEASHELLS;10004.0;10
398400;Charlie;Paris;PEARLS;SEASHELLS;9998.0;1
398700;Caesar;Paris;BANANAS;SEASHELLS;4890.0;1
399000;Paris;Charlie;BANANAS;SEASHELLS;4895.0;1
399100;Charlie;Paris;BANANAS;SEASHELLS;4890.0;1
399200;Charlie;Caesar;BANANAS;SEASHELLS;4892.0;4
399900;Caesar;Penelope;PEARLS;SEASHELLS;9996.0;2
400000;Charlie;Paris;BANANAS;SEASHELLS;4890.0;1
400300;Charlie;Paris;BANANAS;SEASHELLS;4890.0;1
400700;Camilla;Paris;BANANAS;SEASHELLS;4892.0;1
400800;Paris;Charlie;BANANAS;SEASHELLS;4896.0;1
401100;Caesar;Paris;PEARLS;SEASHELLS;9996.0;2
401100;Caesar;Paris;BANANAS;SEASHELLS;4890.0;2
402100;Charlie;Pablo;BANANAS;SEASHELLS;4891.0;1
402400;Pablo;Camilla;PEARLS;SEASHELLS;10002.0;1
402600;Paris;Charlie;BANANAS;SEASHELLS;4895.0;1
403300;Charlie;Pablo;BANANAS;SEASHELLS;4892.0;2
403400;Paris;Caesar;PEARLS;SEASHELLS;10002.0;1
