timestamp;buyer;seller;symbol;currency;price;quantity
100;Gary;Camilla;BERRIES;SEASHELLS;3854.0;19
100;Charlie;Paris;PEARLS;SEASHELLS;9998.0;1
200;Paris;Charlie;BANANAS;SEASHELLS;4827.0;1
200;Charlie;Paris;PEARLS;SEASHELLS;9998.0;1
300;Charlie;Paris;BANANAS;SEASHELLS;4822.0;1
400;Charlie;Pablo;BANANAS;SEASHELLS;4823.0;5
500;Paris;Charlie;PEARLS;SEASHELLS;10005.0;2
500;Paris;Charlie;BANANAS;SEASHELLS;4828.0;2
500;Paris;Camilla;BERRIES;SEASHELLS;3854.0;6
1000;Pablo;Paris;PEARLS;SEASHELLS;10002.0;1
1000;Pablo;Charlie;PEARLS;SEASHELLS;10002.0;2
1200;Charlie;Paris;BANANAS;SEASHELLS;4822.0;1
1300;Charlie;Paris;PEARLS;SEASHELLS;9998.0;1
1300;Camilla;Camilla;DIVING_GEAR;SEASHELLS;99179.0;3
1300;Camilla;Paris;DIVING_GEAR;SEASHELLS;99179.0;3
1500;Charlie;Paris;BANANAS;SEASHELLS;4822.0;1
1600;Caesar;Gary;PEARLS;SEASHELLS;9996.0;1
1900;Camilla;Gary;PEARLS;SEASHELLS;9998.0;8
1900;Charlie;Gary;PEARLS;SEASHELLS;9998.0;4
2400;Paris;Charlie;DIVING_GEAR;SEASHELLS;99170.0;1
2500;Charlie;Paris;DIVING_GEAR;SEASHELLS;99181.0;2
3200;Paris;Charlie;PEARLS;SEASHELLS;10004.0;1
3200;Paris;Charlie;BANANAS;SEASHELLS;4828.0;2
3200;Paris;Caesar;PEARLS;SEASHELLS;10004.0;1
3400;Caesar;Paris;PEARLS;SEASHELLS;9998.0;1
3500;Pablo;Charlie;BANANAS;SEASHELLS;4825.0;4
3600;Penelope;Camilla;PEARLS;SEASHELLS;10002.0;5
3600;Penelope;Charlie;PEARLS;SEASHELLS;10002.0;3
3900;Pablo;Charlie;PEARLS;SEASHELLS;10002.0;4
3900;Charlie;Peter;COCONUTS;SEASHELLS;7921.0;10
4300;Camilla;Paris;BERRIES;SEASHELLS;3847.0;4
4600;Paris;Charlie;BANANAS;SEASHELLS;4825.0;1
4900;Paris;Caesar;PEARLS;SEASHELLS;10004.0;2
4900;Paris;Caesar;BANANAS;SEASHELLS;4824.0;2
5000;Charlie;Caesar;BANANAS;SEASHELLS;4820.0;3
5100;Charlie;Paris;DIVING_GEAR;SEASHELLS;99178.0;1
5300;Caesar;Caesar;COCONUTS;SEASHELLS;7923.0;46
5800;Charlie;Pablo;BANANAS;SEASHELLS;4818.0;1
5900;Caesar;Paris;PEARLS;SEASHELLS;9996.0;1
5900;Charlie;Paris;BANANAS;SEASHELLS;4817.0;1
6300;Charlie;Pablo;BANANAS;SEASHELLS;4818.0;5
6300;Charlie;Penelope;BANANAS;SEASHELLS;4817.0;2
6500;Camilla;Gary;BERRIES;SEASHELLS;3847.0;13
6900;Charlie;Camilla;DIVING_GEAR;SEASHELLS;99185.0;2
6900;Paris;Charlie;DIVING_GEAR;SEASHELLS;99188.0;1
7100;Caesar;Caesar;COCONUTS;SEASHELLS;7914.0;40
7400;Charlie;Paris;BANANAS;SEASHELLS;4815.0;1
7800;Paris;Camilla;BANANAS;SEASHELLS;4819.0;1
7800;Pablo;Camilla;PEARLS;SEASHELLS;10002.0;2
7900;Gary;Caesar;PEARLS;SEASHELLS;10004.0;1
7900;Gary;Charlie;PEARLS;SEASHELLS;10004.0;8
8000;Peter;Charlie;PINA_COLADAS;SEASHELLS;14829.0;2
8100;Camilla;Gary;BERRIES;SEASHELLS;3845.0;11
8200;Paris;Charlie;DIVING_GEAR;SEASHELLS;99143.0;1
8500;Penelope;Charlie;BANANAS;SEASHELLS;4819.0;2
8500;Gary;Charlie;BANANAS;SEASHELLS;4819.0;13
8600;Penelope;Charlie;PEARLS;SEASHELLS;10004.0;6
8600;Camilla;Camilla;DIVING_GEAR;SEASHELLS;99143.0;1
8600;Penelope;Caesar;PEARLS;SEASHELLS;10004.0;1
8700;Camilla;Paris;DIVING_GEAR;SEASHELLS;99155.0;3
8800;Camilla;Paris;DIVING_GEAR;SEASHELLS;99150.0;1
9100;Charlie;Penelope;BANANAS;SEASHELLS;4814.0;7
9100;Camilla;Penelope;BANANAS;SEASHELLS;4814.0;3
9300;Peter;Charlie;COCONUTS;SEASHELLS;7914.0;10
9400;Charlie;Paris;BANANAS;SEASHELLS;4814.0;1
9600;Camilla;Paris;PEARLS;SEASHELLS;9998.0;2
9600;Paris;Paris;BANANAS;SEASHELLS;4819.0;1
9700;Caesar;Penelope;PEARLS;SEASHELLS;9996.0;1
9800;Caesar;Peter;COCONUTS;SEASHELLS;7914.0;8
9900;Paris;Charlie;BANANAS;SEASHELLS;4818.0;1
10200;Charlie;Gina;BANANAS;SEASHELLS;4814.0;8
10300;Camilla;Paris;DIVING_GEAR;SEASHELLS;99120.0;2
10400;Charlie;Peter;COCONUTS;SEASHELLS;7916.0;10
10500;Charlie;Paris;PEARLS;SEASHELLS;9995.0;2
10500;Paris;Camilla;PEARLS;SEASHELLS;10002.0;1
10500;Charlie;Paris;BANANAS;SEASHELLS;4813.0;2
10600;Peter;Charlie;COCONUTS;SEASHELLS;7921.0;10
10600;Paris;Camilla;BANANAS;SEASHELLS;4817.0;1
10900;Paris;Camilla;BERRIES;SEASHELLS;3851.0;9
11300;Charlie;Paris;PEARLS;SEASHELLS;9998.0;1
11300;Paris;Camilla;DIVING_GEAR;SEASHELLS;99113.0;1
11700;Paris;Caesar;PEARLS;SEASHELLS;10002.0;1
12100;Paris;Pablo;PEARLS;SEASHELLS;9998.0;1
12100;Paris;Charlie;BANANAS;SEASHELLS;4817.0;1
12200;Charlie;Paris;BANANAS;SEASHELLS;4810.0;1
12500;Caesar;Caesar;PINA_COLADAS;SEASHELLS;14852.0;21
13000;Charlie;Paris;PEARLS;SEASHELLS;9998.0;1
13100;Pablo;Charlie;PEARLS;SEASHELLS;10002.0;3
13400;Peter;Charlie;COCONUTS;SEASHELLS;7930.0;10
13600;Paris;Charlie;PEARLS;SEASHELLS;10002.0;1
13900;Charlie;Paris;BANANAS;SEASHELLS;4810.0;1
14400;Penelope;Camilla;BERRIES;SEASHELLS;3848.0;10
14700;Penelope;Charlie;BANANAS;SEASHELLS;4817.0;10
14700;Paris;Charlie;BANANAS;SEASHELLS;4815.0;1
15000;Camilla;Pablo;PEARLS;SEASHELLS;9998.0;3
15000;Paris;Charlie;BANANAS;SEASHELLS;4815.0;1
15200;Charlie;Pablo;PINA_COLADAS;SEASHELLS;14859.0;8
15500;Paris;Paris;PEARLS;SEASHELLS;10002.0;1
15500;Camilla;Paris;BANANAS;SEASHELLS;4811.0;1
15600;Olivia;Camilla;BERRIES;SEASHELLS;3846.0;17
15600;Paris;Camilla;PEARLS;SEASHELLS;10002.0;1
15700;Camilla;Penelope;BERRIES;SEASHELLS;3840.0;10
16100;Caesar;Paris;BANANAS;SEASHELLS;4811.0;1
16100;Caesar;Paris;PEARLS;SEASHELLS;9996.0;1
16600;Gary;Caesar;BANANAS;SEASHELLS;4818.0;2
16700;Paris;Caesar;BANANAS;SEASHELLS;4818.0;2
16700;Paris;Caesar;PEARLS;SEASHELLS;10004.0;2
16900;Caesar;Caesar;PINA_COLADAS;SEASHELLS;14864.0;21
16900;Caesar;Caesar;PINA_COLADAS;SEASHELLS;14864.0;11
16900;Paris;Charlie;PEARLS;SEASHELLS;10002.0;1
17000;Gina;Charlie;PEARLS;SEASHELLS;10002.0;5
17000;Gina;Pablo;PEARLS;SEASHELLS;9998.0;3
17200;Paris;Charlie;PEARLS;SEASHELLS;10002.0;1
17300;Charlie;Paris;DIVING_GEAR;SEASHELLS;99170.0;1
17400;Camilla;Penelope;BERRIES;SEASHELLS;3841.0;11
17800;Paris;Camilla;PEARLS;SEASHELLS;10002.0;1
17900;Paris;Charlie;BANANAS;SEASHELLS;4816.0;1
18000;Gina;Paris;BANANAS;SEASHELLS;4816.0;1
18000;Paris;Charlie;BANANAS;SEASHELLS;4816.0;0
18000;Camilla;Paris;PEARLS;SEASHELLS;9998.0;2
18000;Gina;Charlie;BANANAS;SEASHELLS;4816.0;9
18000;Paris;Paris;BANANAS;SEASHELLS;4816.0;1
18600;Charlie;Paris;BANANAS;SEASHELLS;4811.0;1
18700;Paris;Charlie;BANANAS;SEASHELLS;4817.0;1
18900;Caesar;Gary;PEARLS;SEASHELLS;9996.0;1
19200;Paris;Camilla;PEARLS;SEASHELLS;10002.0;1
19200;Paris;Camilla;BANANAS;SEASHELLS;4817.0;1
19500;Camilla;Paris;PEARLS;SEASHELLS;9998.0;2
19500;Camilla;Paris;BANANAS;SEASHELLS;4813.0;2
19700;Caesar;Paris;BANANAS;SEASHELLS;4813.0;1
19900;Charlie;Gary;PEARLS;SEASHELLS;9996.0;7
19900;Caesar;Gary;PEARLS;SEASHELLS;9996.0;2
20100;Paris;Charlie;BANANAS;SEASHELLS;4818.0;2
20100;Paris;Caesar;PEARLS;SEASHELLS;10004.0;2
20300;Charlie;Paris;PEARLS;SEASHELLS;9998.0;1
20300;Charlie;Paris;BANANAS;SEASHELLS;4813.0;1
20400;Charlie;Penelope;PEARLS;SEASHELLS;9995.0;5
20700;Camilla;Paris;DIVING_GEAR;SEASHELLS;99129.0;3
20900;Charlie;Paris;PEARLS;SEASHELLS;9998.0;1
21000;Charlie;Paris;DIVING_GEAR;SEASHELLS;99144.0;3
21000;Charlie;Pablo;BANANAS;SEASHELLS;4815.0;4
21100;Pablo;Charlie;PEARLS;SEASHELLS;10002.0;2
21300;Paris;Charlie;BANANAS;SEASHELLS;4819.0;1
21400;Pablo;Camilla;PEARLS;SEASHELLS;10002.0;3
21500;Paris;Charlie;DIVING_GEAR;SEASHELLS;99114.0;2
21500;Charlie;Paris;PEARLS;SEASHELLS;9998.0;1
21500;Charlie;Peter;PINA_COLADAS;SEASHELLS;14860.0;5
21600;Charlie;Pablo;BANANAS;SEASHELLS;4816.0;4
21800;Paris;Camilla;BERRIES;SEASHELLS;3850.0;9
22600;Charlie;Penelope;PEARLS;SEASHELLS;9995.0;2
23300;Charlie;Pablo;BANANAS;SEASHELLS;4816.0;1
23400;Charlie;Gina;BANANAS;SEASHELLS;4816.0;11
23600;Paris;Camilla;DIVING_GEAR;SEASHELLS;99075.0;1
23600;Pablo;Camilla;PEARLS;SEASHELLS;10002.0;3
23700;Paris;Caesar;PEARLS;SEASHELLS;10004.0;1
23700;Paris;Charlie;BANANAS;SEASHELLS;4822.0;1
24400;Camilla;Paris;BANANAS;SEASHELLS;4816.0;1
24400;Camilla;Pablo;PEARLS;SEASHELLS;9998.0;2
24500;Paris;Camilla;DIVING_GEAR;SEASHELLS;99066.0;1
24600;Charlie;Pablo;BANANAS;SEASHELLS;4817.0;3
24700;Pablo;Charlie;BANANAS;SEASHELLS;4820.0;1
25200;Gina;Charlie;BANANAS;SEASHELLS;4819.0;5
25200;Gina;Camilla;BANANAS;SEASHELLS;4819.0;5
25500;Camilla;Gary;BERRIES;SEASHELLS;3844.0;16
25500;Paris;Pablo;PEARLS;SEASHELLS;9998.0;1
25500;Camilla;Pablo;PEARLS;SEASHELLS;9998.0;3
25700;Penelope;Caesar;PEARLS;SEASHELLS;10004.0;1
25700;Penelope;Charlie;PEARLS;SEASHELLS;10004.0;4
25900;Pablo;Paris;PEARLS;SEASHELLS;10002.0;1
25900;Pablo;Charlie;PEARLS;SEASHELLS;10002.0;2
26000;Charlie;Paris;PEARLS;SEASHELLS;9998.0;1
26100;Charlie;Paris;BANANAS;SEASHELLS;4814.0;1
26200;Camilla;Gary;BERRIES;SEASHELLS;3844.0;15
26200;Pablo;Penelope;BANANAS;SEASHELLS;4818.0;3
26400;Charlie;Peter;PINA_COLADAS;SEASHELLS;14869.0;2
26800;Paris;Charlie;BANANAS;SEASHELLS;4820.0;1
27000;Gina;Pablo;BANANAS;SEASHELLS;4816.0;4
27000;Gina;Caesar;BANANAS;SEASHELLS;4820.0;4
27100;Paris;Caesar;BANANAS;SEASHELLS;4821.0;1
27100;Paris;Caesar;PEARLS;SEASHELLS;10004.0;1
27100;Paris;Camilla;BERRIES;SEASHELLS;3850.0;10
27200;Paris;Charlie;DIVING_GEAR;SEASHELLS;99122.0;1
27300;Camilla;Paris;BERRIES;SEASHELLS;3842.0;1
27400;Paris;Camilla;BERRIES;SEASHELLS;3849.0;9
27500;Camilla;Paris;DIVING_GEAR;SEASHELLS;99114.0;2
27600;Penelope;Charlie;PEARLS;SEASHELLS;10005.0;7
27800;Paris;Charlie;PEARLS;SEASHELLS;10002.0;1
28200;Paris;Pablo;BANANAS;SEASHELLS;4814.0;1
28200;Charlie;Paris;PEARLS;SEASHELLS;9998.0;1
28200;Charlie;Pablo;BANANAS;SEASHELLS;4814.0;3
28400;Pablo;Charlie;PEARLS;SEASHELLS;10002.0;4
28500;Paris;Camilla;BERRIES;SEASHELLS;3849.0;2
28600;Paris;Camilla;PEARLS;SEASHELLS;10002.0;1
28600;Charlie;Gary;PEARLS;SEASHELLS;9995.0;10
28800;Charlie;Paris;PEARLS;SEASHELLS;9995.0;2
28800;Charlie;Paris;BANANAS;SEASHELLS;4811.0;2
29000;Penelope;Charlie;BANANAS;SEASHELLS;4817.0;7
29100;Paris;Charlie;BANANAS;SEASHELLS;4816.0;1
29100;Paris;Charlie;PEARLS;SEASHELLS;10002.0;1
29200;Caesar;Pablo;PINA_COLADAS;SEASHELLS;14876.0;8
29400;Paris;Camilla;BANANAS;SEASHELLS;4816.0;1
29400;Paris;Charlie;DIVING_GEAR;SEASHELLS;99145.0;3
29800;Caesar;Paris;PEARLS;SEASHELLS;9996.0;1
29800;Charlie;Paris;BANANAS;SEASHELLS;4811.0;1
29900;Caesar;Paris;PEARLS;SEASHELLS;9998.0;1
30100;Caesar;Pablo;COCONUTS;SEASHELLS;7937.0;30
30300;Caesar;Peter;PINA_COLADAS;SEASHELLS;14889.0;2
30700;Paris;Charlie;DIVING_GEAR;SEASHELLS;99145.0;1
30800;Gina;Charlie;BANANAS;SEASHELLS;4817.0;12
31200;Gary;Camilla;BERRIES;SEASHELLS;3852.0;11
31300;Paris;Charlie;BANANAS;SEASHELLS;4817.0;1
31700;Camilla;Penelope;BERRIES;SEASHELLS;3845.0;12
31700;Paris;Charlie;BANANAS;SEASHELLS;4818.0;1
31800;Penelope;Charlie;BANANAS;SEASHELLS;4819.0;12
31900;Gary;Charlie;BANANAS;SEASHELLS;4819.0;15
32000;Charlie;Penelope;BANANAS;SEASHELLS;4813.0;12
32100;Penelope;Charlie;BANANAS;SEASHELLS;4819.0;12
32300;Caesar;Caesar;PINA_COLADAS;SEASHELLS;14882.0;25
32800;Camilla;Camilla;DIVING_GEAR;SEASHELLS;99127.0;1
32800;Camilla;Penelope;BERRIES;SEASHELLS;3844.0;13
32900;Charlie;Paris;BANANAS;SEASHELLS;4813.0;1
32900;Camilla;Charlie;DIVING_GEAR;SEASHELLS;99129.0;1
33100;Camilla;Paris;BANANAS;SEASHELLS;4813.0;1
33200;Gina;Charlie;BANANAS;SEASHELLS;4818.0;9
33300;Penelope;Camilla;BANANAS;SEASHELLS;4817.0;3
33600;Paris;Caesar;PEARLS;SEASHELLS;10004.0;1
33600;Paris;Caesar;BANANAS;SEASHELLS;4818.0;1
34000;Paris;Camilla;DIVING_GEAR;SEASHELLS;99122.0;2
34800;Pablo;Paris;PEARLS;SEASHELLS;10002.0;1
35000;Gary;Caesar;BANANAS;SEASHELLS;4815.0;2
35200;Pablo;Paris;BANANAS;SEASHELLS;4816.0;1
35200;Caesar;Penelope;PEARLS;SEASHELLS;9996.0;1
35900;Camilla;Paris;DIVING_GEAR;SEASHELLS;99123.0;2
36000;Gary;Camilla;BERRIES;SEASHELLS;3853.0;13
36000;Peter;Charlie;COCONUTS;SEASHELLS;7949.0;9
36100;Caesar;Caesar;COCONUTS;SEASHELLS;7946.0;54
36200;Charlie;Caesar;BANANAS;SEASHELLS;4814.0;5
36600;Penelope;Caesar;BANANAS;SEASHELLS;4818.0;1
36600;Charlie;Gary;BANANAS;SEASHELLS;4812.0;13
36700;Paris;Camilla;BERRIES;SEASHELLS;3851.0;5
36800;Charlie;Penelope;BANANAS;SEASHELLS;4813.0;1
36800;Caesar;Penelope;BANANAS;SEASHELLS;4813.0;2
36800;Charlie;Paris;PEARLS;SEASHELLS;9998.0;1
36900;Charlie;Paris;BANANAS;SEASHELLS;4813.0;1
37100;Penelope;Charlie;BANANAS;SEASHELLS;4819.0;3
37100;Gary;Charlie;BANANAS;SEASHELLS;4819.0;18
37600;Caesar;Caesar;PINA_COLADAS;SEASHELLS;14888.0;25
37700;Paris;Charlie;BANANAS;SEASHELLS;4819.0;1
37800;Camilla;Paris;PEARLS;SEASHELLS;9998.0;2
37800;Camilla;Paris;BANANAS;SEASHELLS;4815.0;2
37900;Camilla;Paris;DIVING_GEAR;SEASHELLS;99131.0;2
37900;Camilla;Camilla;DIVING_GEAR;SEASHELLS;99131.0;2
38100;Penelope;Camilla;BERRIES;SEASHELLS;3851.0;13
38300;Gina;Charlie;BANANAS;SEASHELLS;4818.0;8
38500;Camilla;Gary;BERRIES;SEASHELLS;3844.0;16
38800;Penelope;Charlie;PEARLS;SEASHELLS;10005.0;5
39500;Paris;Charlie;BANANAS;SEASHELLS;4819.0;1
39800;Charlie;Caesar;BANANAS;SEASHELLS;4816.0;4
40000;Paris;Camilla;DIVING_GEAR;SEASHELLS;99101.0;3
40100;Camilla;Penelope;BERRIES;SEASHELLS;3846.0;15
40600;Penelope;Camilla;BERRIES;SEASHELLS;3855.0;12
40700;Caesar;Penelope;BANANAS;SEASHELLS;4817.0;5
41100;Pablo;Camilla;PEARLS;SEASHELLS;10002.0;3
41600;Charlie;Peter;COCONUTS;SEASHELLS;7937.0;7
42200;Peter;Charlie;COCONUTS;SEASHELLS;7940.0;8
42600;Paris;Charlie;BERRIES;SEASHELLS;3856.0;7
42800;Charlie;Paris;BANANAS;SEASHELLS;4814.0;1
42900;Paris;Gina;BERRIES;SEASHELLS;3852.0;4
42900;Caesar;Caesar;COCONUTS;SEASHELLS;7940.0;50
42900;Peter;Gina;BERRIES;SEASHELLS;3852.0;3
43200;Camilla;Gary;BERRIES;SEASHELLS;3849.0;19
43200;Paris;Camilla;BANANAS;SEASHELLS;4818.0;1
43400;Gary;Charlie;PEARLS;SEASHELLS;10005.0;11
43700;Gina;Caesar;PEARLS;SEASHELLS;10002.0;5
43700;Gina;Charlie;PEARLS;SEASHELLS;10002.0;1
44600;Camilla;Penelope;BERRIES;SEASHELLS;3848.0;11
45000;Caesar;Paris;BANANAS;SEASHELLS;4817.0;1
45400;Charlie;Gina;PEARLS;SEASHELLS;9998.0;6
45600;Caesar;Paris;BANANAS;SEASHELLS;4815.0;1
45700;Caesar;Caesar;PINA_COLADAS;SEASHELLS;14895.0;22
46000;Gary;Charlie;BANANAS;SEASHELLS;4821.0;12
46200;Charlie;Paris;DIVING_GEAR;SEASHELLS;99085.0;3
46300;Penelope;Charlie;PEARLS;SEASHELLS;10004.0;3
46300;Penelope;Caesar;PEARLS;SEASHELLS;10004.0;1
46300;Peter;Caesar;PINA_COLADAS;SEASHELLS;14894.0;4
46800;Camilla;Penelope;BERRIES;SEASHELLS;3847.0;11
47000;Charlie;Pablo;COCONUTS;SEASHELLS;7946.0;25
47100;Penelope;Charlie;PEARLS;SEASHELLS;10005.0;8
47100;Camilla;Paris;BANANAS;SEASHELLS;4816.0;1
47400;Charlie;Paris;PEARLS;SEASHELLS;9995.0;1
47400;Charlie;Paris;BANANAS;SEASHELLS;4816.0;1
47400;Charlie;Paris;PEARLS;SEASHELLS;9998.0;1
47500;Paris;Charlie;BANANAS;SEASHELLS;4823.0;1
47500;Peter;Charlie;COCONUTS;SEASHELLS;7948.0;10
47500;Paris;Caesar;PEARLS;SEASHELLS;10004.0;1
48000;Charlie;Pablo;PEARLS;SEASHELLS;9998.0;3
48200;Pablo;Charlie;PEARLS;SEASHELLS;10002.0;3
48200;Paris;Charlie;PEARLS;SEASHELLS;10002.0;1
48300;Paris;Penelope;PEARLS;SEASHELLS;10002.0;1
48400;Charlie;Camilla;DIVING_GEAR;SEASHELLS;99106.0;3
48400;Charlie;Paris;BANANAS;SEASHELLS;4816.0;1
48500;Camilla;Penelope;BERRIES;SEASHELLS;3848.0;14
48500;Gary;Charlie;PEARLS;SEASHELLS;10005.0;10
48700;Camilla;Paris;BERRIES;SEASHELLS;3849.0;7
48900;Charlie;Paris;PEARLS;SEASHELLS;9998.0;1
49000;Charlie;Paris;PEARLS;SEASHELLS;9995.0;2
49000;Charlie;Paris;BANANAS;SEASHELLS;4817.0;2
49100;Charlie;Paris;BANANAS;SEASHELLS;4817.0;1
49300;Penelope;Caesar;PEARLS;SEASHELLS;10004.0;1
49300;Camilla;Penelope;BANANAS;SEASHELLS;4818.0;8
49300;Camilla;Paris;BANANAS;SEASHELLS;4817.0;1
49400;Paris;Charlie;BANANAS;SEASHELLS;4822.0;1
49800;Charlie;Paris;PEARLS;SEASHELLS;9998.0;1
50200;Charlie;Penelope;BANANAS;SEASHELLS;4817.0;10
50300;Charlie;Peter;COCONUTS;SEASHELLS;7948.0;7
50400;Charlie;Paris;BANANAS;SEASHELLS;4816.0;1
50500;Charlie;Paris;BANANAS;SEASHELLS;4816.0;1
50500;Charlie;Paris;PEARLS;SEASHELLS;9995.0;1
50600;Paris;Caesar;PEARLS;SEASHELLS;10004.0;1
50600;Paris;Charlie;PEARLS;SEASHELLS;10004.0;1
50600;Paris;Charlie;BANANAS;SEASHELLS;4823.0;2
50600;Paris;Charlie;BANANAS;SEASHELLS;4821.0;1
50700;Charlie;Paris;DIVING_GEAR;SEASHELLS;99118.0;2
51000;Camilla;Paris;BERRIES;SEASHELLS;3853.0;1
51100;Charlie;Gary;PEARLS;SEASHELLS;9996.0;10
51100;Caesar;Gary;PEARLS;SEASHELLS;9996.0;1
51200;Charlie;Paris;PEARLS;SEASHELLS;9995.0;2
51200;Charlie;Paris;BANANAS;SEASHELLS;4816.0;2
51300;Penelope;Charlie;PEARLS;SEASHELLS;10005.0;6
51500;Peter;Charlie;PINA_COLADAS;SEASHELLS;14886.0;3
51900;Charlie;Penelope;PEARLS;SEASHELLS;9995.0;4
52500;Charlie;Paris;PEARLS;SEASHELLS;9998.0;1
52600;Caesar;Paris;PEARLS;SEASHELLS;9998.0;1
52700;Gary;Caesar;PEARLS;SEASHELLS;10004.0;2
52700;Gary;Charlie;PEARLS;SEASHELLS;10004.0;6
53000;Caesar;Paris;PEARLS;SEASHELLS;9996.0;1
53000;Paris;Paris;BANANAS;SEASHELLS;4820.0;1
53200;Charlie;Pablo;PEARLS;SEASHELLS;9998.0;5
53600;Paris;Charlie;BANANAS;SEASHELLS;4821.0;1
53600;Paris;Caesar;PEARLS;SEASHELLS;10004.0;1
53900;Paris;Charlie;PEARLS;SEASHELLS;10005.0;1
53900;Paris;Camilla;DIVING_GEAR;SEASHELLS;99138.0;1
53900;Paris;Charlie;BANANAS;SEASHELLS;4819.0;1
54000;Charlie;Pablo;BANANAS;SEASHELLS;4814.0;5
54100;Caesar;Paris;BANANAS;SEASHELLS;4813.0;1
54300;Charlie;Gina;BANANAS;SEASHELLS;4814.0;7
54400;Penelope;Charlie;BANANAS;SEASHELLS;4821.0;3
54400;Peter;Caesar;COCONUTS;SEASHELLS;7940.0;5
54500;Paris;Camilla;BERRIES;SEASHELLS;3861.0;10
54500;Charlie;Pablo;COCONUTS;SEASHELLS;7938.0;26
54700;Charlie;Penelope;BANANAS;SEASHELLS;4813.0;2
54800;Caesar;Paris;BANANAS;SEASHELLS;4813.0;1
55000;Charlie;Caesar;BANANAS;SEASHELLS;4815.0;5
55500;Charlie;Pablo;COCONUTS;SEASHELLS;7939.0;12
55500;Paris;Charlie;DIVING_GEAR;SEASHELLS;99088.0;3
55600;Caesar;Penelope;BANANAS;SEASHELLS;4812.0;2
55900;Camilla;Paris;BANANAS;SEASHELLS;4812.0;1
55900;Camilla;Pablo;BANANAS;SEASHELLS;4813.0;2
56000;Paris;Gary;BANANAS;SEASHELLS;4813.0;1
56000;Camilla;Gary;BANANAS;SEASHELLS;4813.0;10
56000;Camilla;Penelope;BERRIES;SEASHELLS;3854.0;15
56000;Paris;Caesar;PEARLS;SEASHELLS;10004.0;1
56000;Camilla;Pablo;PEARLS;SEASHELLS;9998.0;5
56100;Charlie;Paris;BANANAS;SEASHELLS;4811.0;1
56400;Charlie;Paris;PEARLS;SEASHELLS;9998.0;1
56600;Gary;Charlie;BANANAS;SEASHELLS;4817.0;16
56600;Penelope;Camilla;BERRIES;SEASHELLS;3860.0;10
56800;Charlie;Paris;BANANAS;SEASHELLS;4810.0;2
56800;Caesar;Paris;PEARLS;SEASHELLS;9996.0;2
57100;Camilla;Paris;BERRIES;SEASHELLS;3854.0;4
57500;Pablo;Peter;BERRIES;SEASHELLS;3856.0;4
57600;Paris;Paris;PEARLS;SEASHELLS;9998.0;1
57600;Paris;Paris;BANANAS;SEASHELLS;4809.0;1
57700;Pablo;Charlie;PEARLS;SEASHELLS;10002.0;5
57800;Camilla;Pablo;PEARLS;SEASHELLS;9998.0;1
57800;Paris;Charlie;BANANAS;SEASHELLS;4813.0;1
57900;Charlie;Paris;BANANAS;SEASHELLS;4808.0;1
58300;Charlie;Paris;BANANAS;SEASHELLS;4807.0;1
58400;Paris;Charlie;BANANAS;SEASHELLS;4813.0;1
58400;Paris;Caesar;PEARLS;SEASHELLS;10004.0;1
58500;Penelope;Caesar;PEARLS;SEASHELLS;10004.0;2
58900;Paris;Camilla;BANANAS;SEASHELLS;4811.0;1
58900;Paris;Camilla;BANANAS;SEASHELLS;4810.0;2
58900;Paris;Camilla;PEARLS;SEASHELLS;10002.0;1
58900;Pablo;Camilla;BANANAS;SEASHELLS;4810.0;2
58900;Pablo;Camilla;PEARLS;SEASHELLS;10002.0;4
59100;Camilla;Penelope;PEARLS;SEASHELLS;9998.0;2
59100;Camilla;Paris;PEARLS;SEASHELLS;9998.0;2
59100;Camilla;Paris;BANANAS;SEASHELLS;4807.0;2
59200;Paris;Charlie;PEARLS;SEASHELLS;10002.0;1
59200;Paris;Camilla;DIVING_GEAR;SEASHELLS;99054.0;3
59400;Camilla;Pablo;PEARLS;SEASHELLS;9998.0;4
59800;Charlie;Penelope;PEARLS;SEASHELLS;9995.0;5
59900;Charlie;Paris;BANANAS;SEASHELLS;4809.0;1
60000;Charlie;Paris;BANANAS;SEASHELLS;4808.0;1
60100;Camilla;Paris;BANANAS;SEASHELLS;4808.0;1
60200;Caesar;Pablo;COCONUTS;SEASHELLS;7928.0;19
61000;Peter;Charlie;COCONUTS;SEASHELLS;7931.0;6
61000;Charlie;Penelope;PEARLS;SEASHELLS;9995.0;2
61100;Camilla;Paris;DIVING_GEAR;SEASHELLS;99046.0;2
61100;Caesar;Gary;BANANAS;SEASHELLS;4810.0;6
61100;Camilla;Paris;PEARLS;SEASHELLS;9998.0;1
61200;Paris;Camilla;BANANAS;SEASHELLS;4812.0;1
61300;Camilla;Pablo;PEARLS;SEASHELLS;9998.0;1
61600;Camilla;Paris;BERRIES;SEASHELLS;3855.0;4
62000;Camilla;Penelope;BERRIES;SEASHELLS;3855.0;10
62300;Camilla;Pablo;PEARLS;SEASHELLS;9998.0;1
62300;Camilla;Paris;BANANAS;SEASHELLS;4805.0;1
62500;Charlie;Paris;BANANAS;SEASHELLS;4806.0;1
62500;Paris;Charlie;PEARLS;SEASHELLS;10002.0;1
62600;Paris;Charlie;BANANAS;SEASHELLS;4810.0;1
62700;Paris;Camilla;BANANAS;SEASHELLS;4810.0;1
62900;Charlie;Peter;PINA_COLADAS;SEASHELLS;14825.0;3
63200;Paris;Camilla;BANANAS;SEASHELLS;4810.0;1
63200;Paris;Camilla;PEARLS;SEASHELLS;10002.0;1
63400;Paris;Caesar;BANANAS;SEASHELLS;4812.0;1
63400;Camilla;Penelope;BERRIES;SEASHELLS;3856.0;11
63400;Paris;Caesar;PEARLS;SEASHELLS;10004.0;1
63500;Charlie;Pablo;BANANAS;SEASHELLS;4808.0;3
63600;Camilla;Penelope;BANANAS;SEASHELLS;4807.0;5
63800;Gary;Charlie;BANANAS;SEASHELLS;4813.0;16
63800;Paris;Charlie;BANANAS;SEASHELLS;4811.0;1
64100;Penelope;Pablo;PEARLS;SEASHELLS;9998.0;2
64200;Charlie;Paris;BANANAS;SEASHELLS;4806.0;1
64500;Paris;Peter;BERRIES;SEASHELLS;3860.0;1
64600;Charlie;Paris;BANANAS;SEASHELLS;4807.0;1
65000;Paris;Camilla;BANANAS;SEASHELLS;4810.0;2
65000;Paris;Camilla;PEARLS;SEASHELLS;10002.0;2
65100;Camilla;Paris;BERRIES;SEASHELLS;3857.0;2
65100;Camilla;Paris;BANANAS;SEASHELLS;4806.0;1
65200;Penelope;Caesar;BANANAS;SEASHELLS;4812.0;2
65400;Paris;Camilla;PEARLS;SEASHELLS;10002.0;1
65400;Penelope;Camilla;PEARLS;SEASHELLS;10002.0;1
65400;Charlie;Paris;BANANAS;SEASHELLS;4806.0;1
65600;Paris;Camilla;BERRIES;SEASHELLS;3862.0;2
65700;Camilla;Gina;PEARLS;SEASHELLS;9998.0;4
65700;Charlie;Paris;PEARLS;SEASHELLS;9995.0;1
65700;Camilla;Paris;BANANAS;SEASHELLS;4807.0;1
66000;Paris;Charlie;BANANAS;SEASHELLS;4812.0;2
66000;Paris;Caesar;PEARLS;SEASHELLS;10004.0;2
66100;Charlie;Pablo;PEARLS;SEASHELLS;9998.0;2
66300;Charlie;Paris;BANANAS;SEASHELLS;4807.0;1
66400;Charlie;Paris;PEARLS;SEASHELLS;9998.0;1
66500;Charlie;Paris;BANANAS;SEASHELLS;4807.0;1
66600;Charlie;Pablo;PEARLS;SEASHELLS;9998.0;2
66700;Caesar;Paris;BANANAS;SEASHELLS;4807.0;1
67000;Charlie;Paris;DIVING_GEAR;SEASHELLS;99137.0;3
67000;Paris;Gina;BANANAS;SEASHELLS;4812.0;1
67000;Charlie;Gina;BANANAS;SEASHELLS;4808.0;11
67300;Charlie;Paris;BANANAS;SEASHELLS;4808.0;1
67500;Paris;Camilla;BERRIES;SEASHELLS;3858.0;8
67500;Penelope;Charlie;BANANAS;SEASHELLS;4814.0;10
67600;Charlie;Paris;PEARLS;SEASHELLS;9995.0;2
67600;Charlie;Paris;BANANAS;SEASHELLS;4807.0;2
67700;Camilla;Paris;PEARLS;SEASHELLS;9998.0;1
67700;Caesar;Paris;BANANAS;SEASHELLS;4810.0;1
67800;Paris;Gary;BANANAS;SEASHELLS;4813.0;1
68000;Paris;Charlie;BANANAS;SEASHELLS;4815.0;2
68000;Paris;Caesar;PEARLS;SEASHELLS;10004.0;2
68300;Camilla;Paris;BANANAS;SEASHELLS;4811.0;1
68300;Pablo;Charlie;PEARLS;SEASHELLS;10002.0;1
68500;Camilla;Penelope;PEARLS;SEASHELLS;9998.0;5
68600;Charlie;Paris;PEARLS;SEASHELLS;9998.0;1
68600;Caesar;Pablo;COCONUTS;SEASHELLS;7918.0;24
68600;Charlie;Caesar;BANANAS;SEASHELLS;4813.0;6
69000;Paris;Charlie;BANANAS;SEASHELLS;4816.0;2
69000;Paris;Caesar;PEARLS;SEASHELLS;10004.0;2
69100;Pablo;Gary;BERRIES;SEASHELLS;3855.0;7
69200;Charlie;Pablo;PINA_COLADAS;SEASHELLS;14837.0;13
69300;Charlie;Pablo;BANANAS;SEASHELLS;4811.0;3
69400;Charlie;Penelope;BANANAS;SEASHELLS;4810.0;9
69400;Camilla;Camilla;DIVING_GEAR;SEASHELLS;99184.0;1
70500;Camilla;Paris;PEARLS;SEASHELLS;9998.0;1
70500;Pablo;Charlie;BANANAS;SEASHELLS;4813.0;1
71000;Charlie;Pablo;BANANAS;SEASHELLS;4810.0;5
71100;Gary;Charlie;PEARLS;SEASHELLS;10004.0;7
71100;Gary;Caesar;PEARLS;SEASHELLS;10004.0;2
71300;Paris;Charlie;PEARLS;SEASHELLS;10002.0;1
71400;Charlie;Pablo;PEARLS;SEASHELLS;9998.0;3
71600;Caesar;Penelope;PEARLS;SEASHELLS;9996.0;2
71800;Penelope;Charlie;BANANAS;SEASHELLS;4816.0;2
71900;Paris;Caesar;BANANAS;SEASHELLS;4814.0;1
72000;Pablo;Charlie;BANANAS;SEASHELLS;4813.0;4
72100;Camilla;Paris;DIVING_GEAR;SEASHELLS;99125.0;1
72200;Charlie;Paris;BANANAS;SEASHELLS;4809.0;1
72300;Charlie;Pablo;PEARLS;SEASHELLS;9998.0;1
72500;Charlie;Paris;PEARLS;SEASHELLS;9995.0;2
72500;Charlie;Paris;BANANAS;SEASHELLS;4808.0;2
72800;Paris;Camilla;BANANAS;SEASHELLS;4813.0;2
72800;Paris;Camilla;PEARLS;SEASHELLS;10002.0;2
72900;Charlie;Paris;BANANAS;SEASHELLS;4808.0;1
73000;Camilla;Camilla;DIVING_GEAR;SEASHELLS;99146.0;2
73100;Charlie;Pablo;BANANAS;SEASHELLS;4810.0;1
73300;Camilla;Penelope;BERRIES;SEASHELLS;3850.0;11
73300;Charlie;Pablo;COCONUTS;SEASHELLS;7922.0;25
73300;Paris;Camilla;DIVING_GEAR;SEASHELLS;99134.0;2
73300;Camilla;Penelope;BANANAS;SEASHELLS;4810.0;5
74000;Gina;Charlie;BANANAS;SEASHELLS;4815.0;10
74000;Caesar;Pablo;PINA_COLADAS;SEASHELLS;14840.0;12
74200;Caesar;Caesar;COCONUTS;SEASHELLS;7920.0;11
74200;Caesar;Caesar;COCONUTS;SEASHELLS;7920.0;63
74300;Paris;Charlie;BANANAS;SEASHELLS;4815.0;1
74400;Charlie;Paris;BANANAS;SEASHELLS;4811.0;1
74400;Charlie;Peter;COCONUTS;SEASHELLS;7918.0;10
74600;Penelope;Caesar;PEARLS;SEASHELLS;10004.0;1
74600;Penelope;Charlie;PEARLS;SEASHELLS;10004.0;7
74700;Pablo;Charlie;PEARLS;SEASHELLS;10002.0;3
74700;Charlie;Pablo;BANANAS;SEASHELLS;4812.0;2
74800;Paris;Charlie;BANANAS;SEASHELLS;4816.0;1
74800;Paris;Camilla;BERRIES;SEASHELLS;3859.0;10
74800;Charlie;Pablo;PEARLS;SEASHELLS;9998.0;4
74900;Charlie;Gina;BANANAS;SEASHELLS;4811.0;8
75200;Caesar;Paris;BANANAS;SEASHELLS;4811.0;1
75300;Penelope;Caesar;PEARLS;SEASHELLS;10004.0;2
75400;Gary;Caesar;PEARLS;SEASHELLS;10004.0;1
75400;Paris;Charlie;DIVING_GEAR;SEASHELLS;99180.0;1
75500;Paris;Charlie;PEARLS;SEASHELLS;10002.0;1
75600;Charlie;Paris;BANANAS;SEASHELLS;4811.0;1
75900;Paris;Camilla;BERRIES;SEASHELLS;3863.0;7
76400;Charlie;Paris;PEARLS;SEASHELLS;9998.0;1
76400;Paris;Charlie;BANANAS;SEASHELLS;4816.0;1
76500;Paris;Charlie;BANANAS;SEASHELLS;4816.0;1
77000;Camilla;Paris;PEARLS;SEASHELLS;9998.0;1
77100;Paris;Charlie;BANANAS;SEASHELLS;4816.0;1
77600;Camilla;Camilla;DIVING_GEAR;SEASHELLS;99196.0;1
77600;Charlie;Paris;PEARLS;SEASHELLS;9998.0;1
77700;Paris;Camilla;BERRIES;SEASHELLS;3864.0;6
78000;Paris;Camilla;PEARLS;SEASHELLS;10002.0;1
78100;Charlie;Paris;BANANAS;SEASHELLS;4809.0;1
78300;Paris;Charlie;PEARLS;SEASHELLS;10005.0;1
78300;Paris;Charlie;BANANAS;SEASHELLS;4816.0;1
78300;Paris;Charlie;BANANAS;SEASHELLS;4814.0;1
78400;Camilla;Penelope;BERRIES;SEASHELLS;3860.0;14
79200;Charlie;Paris;DIVING_GEAR;SEASHELLS;99191.0;3
79400;Peter;Caesar;COCONUTS;SEASHELLS;7921.0;7
79900;Camilla;Camilla;DIVING_GEAR;SEASHELLS;99185.0;3
80100;Paris;Camilla;BANANAS;SEASHELLS;4815.0;1
80300;Charlie;Pablo;PINA_COLADAS;SEASHELLS;14820.0;8
80600;Charlie;Pablo;PEARLS;SEASHELLS;9998.0;3
80900;Penelope;Charlie;PEARLS;SEASHELLS;10004.0;7
80900;Penelope;Caesar;PEARLS;SEASHELLS;10004.0;1
80900;Paris;Charlie;BANANAS;SEASHELLS;4816.0;1
81000;Paris;Camilla;BERRIES;SEASHELLS;3865.0;2
81200;Caesar;Paris;BANANAS;SEASHELLS;4811.0;1
81200;Charlie;Paris;BANANAS;SEASHELLS;4811.0;1
81200;Charlie;Paris;PEARLS;SEASHELLS;9996.0;1
81200;Caesar;Paris;PEARLS;SEASHELLS;9996.0;1
81500;Camilla;Charlie;DIVING_GEAR;SEASHELLS;99157.0;1
81700;Charlie;Pablo;PINA_COLADAS;SEASHELLS;14819.0;7
81800;Paris;Charlie;BANANAS;SEASHELLS;4818.0;2
81800;Caesar;Pablo;COCONUTS;SEASHELLS;7918.0;27
81800;Paris;Charlie;PEARLS;SEASHELLS;10005.0;2
81900;Paris;Camilla;BANANAS;SEASHELLS;4815.0;2
81900;Paris;Camilla;PEARLS;SEASHELLS;10002.0;2
82000;Penelope;Camilla;BERRIES;SEASHELLS;3866.0;11
82200;Charlie;Paris;PEARLS;SEASHELLS;9998.0;1
82700;Caesar;Paris;PEARLS;SEASHELLS;9996.0;1
82700;Pablo;Caesar;PINA_COLADAS;SEASHELLS;14817.0;12
82700;Charlie;Paris;BANANAS;SEASHELLS;4810.0;1
82800;Paris;Charlie;PEARLS;SEASHELLS;10002.0;1
82900;Camilla;Paris;BANANAS;SEASHELLS;4811.0;1
82900;Camilla;Paris;PEARLS;SEASHELLS;9998.0;1
83000;Camilla;Penelope;BERRIES;SEASHELLS;3859.0;14
83500;Charlie;Paris;BANANAS;SEASHELLS;4811.0;1
83500;Charlie;Gary;BANANAS;SEASHELLS;4811.0;13
83800;Camilla;Gary;BANANAS;SEASHELLS;4812.0;10
83800;Penelope;Caesar;PEARLS;SEASHELLS;10004.0;1
84000;Paris;Charlie;BANANAS;SEASHELLS;4818.0;2
84000;Paris;Charlie;PEARLS;SEASHELLS;10002.0;1
84000;Paris;Charlie;PEARLS;SEASHELLS;10005.0;2
84100;Penelope;Camilla;BERRIES;SEASHELLS;3864.0;13
84200;Camilla;Paris;PEARLS;SEASHELLS;9998.0;1
84200;Charlie;Paris;DIVING_GEAR;SEASHELLS;99156.0;2
84300;Paris;Charlie;BANANAS;SEASHELLS;4817.0;1
84700;Gina;Camilla;BANANAS;SEASHELLS;4816.0;3
84700;Peter;Charlie;PINA_COLADAS;SEASHELLS;14821.0;4
84700;Gina;Paris;BANANAS;SEASHELLS;4812.0;1
84700;Paris;Camilla;BERRIES;SEASHELLS;3863.0;7
84700;Gary;Camilla;PEARLS;SEASHELLS;10002.0;3
84800;Charlie;Penelope;BANANAS;SEASHELLS;4811.0;3
84900;Charlie;Paris;PEARLS;SEASHELLS;9998.0;1
85400;Camilla;Gary;BANANAS;SEASHELLS;4814.0;9
85500;Pablo;Paris;PEARLS;SEASHELLS;10002.0;1
85700;Charlie;Paris;DIVING_GEAR;SEASHELLS;99157.0;2
85800;Charlie;Paris;DIVING_GEAR;SEASHELLS;99158.0;1
85800;Paris;Charlie;PEARLS;SEASHELLS;10002.0;1
86000;Paris;Charlie;PEARLS;SEASHELLS;10002.0;1
86100;Penelope;Charlie;PEARLS;SEASHELLS;10005.0;6
86700;Paris;Charlie;BANANAS;SEASHELLS;4816.0;1
86700;Pablo;Charlie;PEARLS;SEASHELLS;10002.0;5
86800;Paris;Caesar;PEARLS;SEASHELLS;10004.0;1
86800;Paris;Charlie;BANANAS;SEASHELLS;4818.0;1
86900;Camilla;Camilla;DIVING_GEAR;SEASHELLS;99167.0;3
86900;Camilla;Penelope;BERRIES;SEASHELLS;3857.0;14
87300;Camilla;Pablo;PEARLS;SEASHELLS;9998.0;5
87800;Camilla;Gary;BANANAS;SEASHELLS;4811.0;6
87800;Penelope;Gary;BANANAS;SEASHELLS;4811.0;6
87800;Charlie;Gary;BANANAS;SEASHELLS;4811.0;5
87900;Charlie;Paris;BANANAS;SEASHELLS;4811.0;1
88200;Camilla;Pablo;BANANAS;SEASHELLS;4812.0;4
88200;Charlie;Pablo;BANANAS;SEASHELLS;4812.0;1
88300;Paris;Charlie;BANANAS;SEASHELLS;4817.0;2
88300;Paris;Caesar;PEARLS;SEASHELLS;10004.0;2
88400;Charlie;Pablo;PINA_COLADAS;SEASHELLS;14816.0;13
88600;Paris;Caesar;BANANAS;SEASHELLS;4815.0;1
89200;Charlie;Paris;PEARLS;SEASHELLS;9998.0;1
89500;Gary;Charlie;PEARLS;SEASHELLS;10005.0;11
89600;Charlie;Pablo;PEARLS;SEASHELLS;9998.0;2
89600;Charlie;Paris;PEARLS;SEASHELLS;9998.0;1
89600;Charlie;Pablo;BANANAS;SEASHELLS;4813.0;2
89800;Charlie;Paris;PEARLS;SEASHELLS;9995.0;2
89800;Gina;Paris;BANANAS;SEASHELLS;4816.0;2
89900;Peter;Penelope;BERRIES;SEASHELLS;3858.0;3
90400;Charlie;Peter;COCONUTS;SEASHELLS;7915.0;6
90400;Charlie;Paris;DIVING_GEAR;SEASHELLS;99182.0;3
90700;Pablo;Charlie;PEARLS;SEASHELLS;10002.0;1
90800;Paris;Caesar;PEARLS;SEASHELLS;10004.0;1
90800;Paris;Paris;BANANAS;SEASHELLS;4811.0;1
91200;Charlie;Paris;BANANAS;SEASHELLS;4810.0;2
91200;Charlie;Paris;PEARLS;SEASHELLS;9995.0;2
91300;Paris;Charlie;BANANAS;SEASHELLS;4815.0;1
91500;Charlie;Pablo;COCONUTS;SEASHELLS;7919.0;27
91800;Camilla;Paris;DIVING_GEAR;SEASHELLS;99210.0;1
91900;Pablo;Camilla;PEARLS;SEASHELLS;10002.0;1
91900;Pablo;Charlie;PEARLS;SEASHELLS;10002.0;3
92000;Charlie;Penelope;PEARLS;SEASHELLS;9996.0;3
92000;Caesar;Penelope;PEARLS;SEASHELLS;9996.0;2
92000;Pablo;Charlie;BANANAS;SEASHELLS;4816.0;4
92000;Charlie;Paris;DIVING_GEAR;SEASHELLS;99214.0;1
92600;Charlie;Pablo;BANANAS;SEASHELLS;4813.0;4
92900;Camilla;Penelope;BERRIES;SEASHELLS;3855.0;13
93000;Camilla;Paris;BANANAS;SEASHELLS;4811.0;1
93200;Paris;Camilla;PEARLS;SEASHELLS;10002.0;1
93600;Penelope;Caesar;PEARLS;SEASHELLS;10004.0;2
93600;Penelope;Charlie;PEARLS;SEASHELLS;10004.0;1
94200;Charlie;Paris;PEARLS;SEASHELLS;9998.0;1
94200;Paris;Charlie;BANANAS;SEASHELLS;4817.0;1
94300;Charlie;Paris;PEARLS;SEASHELLS;9998.0;1
94500;Paris;Caesar;PEARLS;SEASHELLS;10004.0;1
94500;Paris;Charlie;PEARLS;SEASHELLS;10004.0;1
94500;Paris;Charlie;BANANAS;SEASHELLS;4818.0;2
94500;Paris;Charlie;DIVING_GEAR;SEASHELLS;99203.0;3
94600;Paris;Paris;BANANAS;SEASHELLS;4817.0;1
94600;Camilla;Paris;PEARLS;SEASHELLS;9998.0;1
94800;Camilla;Paris;PEARLS;SEASHELLS;9998.0;1
94800;Camilla;Paris;BANANAS;SEASHELLS;4814.0;1
95000;Paris;Charlie;DIVING_GEAR;SEASHELLS;99213.0;3
95100;Paris;Camilla;BANANAS;SEASHELLS;4818.0;1
95100;Camilla;Paris;DIVING_GEAR;SEASHELLS;99214.0;1
95300;Paris;Camilla;BERRIES;SEASHELLS;3862.0;9
95400;Pablo;Charlie;PEARLS;SEASHELLS;10002.0;4
95400;Pablo;Paris;PEARLS;SEASHELLS;10002.0;1
95400;Paris;Charlie;BANANAS;SEASHELLS;4818.0;1
95500;Caesar;Caesar;COCONUTS;SEASHELLS;7918.0;1
95500;Camilla;Paris;BERRIES;SEASHELLS;3856.0;1
95500;Caesar;Caesar;COCONUTS;SEASHELLS;7918.0;62
95600;Penelope;Charlie;BANANAS;SEASHELLS;4819.0;4
95600;Camilla;Camilla;DIVING_GEAR;SEASHELLS;99192.0;1
95900;Camilla;Paris;PEARLS;SEASHELLS;9998.0;1
96000;Paris;Camilla;BANANAS;SEASHELLS;4819.0;1
96100;Charlie;Paris;DIVING_GEAR;SEASHELLS;99176.0;1
96400;Charlie;Gary;BANANAS;SEASHELLS;4814.0;13
96500;Camilla;Paris;DIVING_GEAR;SEASHELLS;99193.0;3
97400;Gary;Camilla;BERRIES;SEASHELLS;3864.0;20
97400;Charlie;Paris;BANANAS;SEASHELLS;4814.0;1
97500;Charlie;Camilla;DIVING_GEAR;SEASHELLS;99191.0;2
97900;Pablo;Charlie;PEARLS;SEASHELLS;10002.0;4
98000;Charlie;Gina;BANANAS;SEASHELLS;4814.0;13
98200;Camilla;Pablo;PEARLS;SEASHELLS;9998.0;1
98300;Paris;Charlie;PEARLS;SEASHELLS;10002.0;1
98500;Pablo;Camilla;BANANAS;SEASHELLS;4818.0;1
98500;Pablo;Charlie;BANANAS;SEASHELLS;4818.0;3
98500;Camilla;Paris;DIVING_GEAR;SEASHELLS;99196.0;1
99000;Charlie;Pablo;BANANAS;SEASHELLS;4816.0;4
99000;Charlie;Paris;BANANAS;SEASHELLS;4815.0;1
99300;Paris;Caesar;BANANAS;SEASHELLS;4820.0;2
99300;Paris;Caesar;PEARLS;SEASHELLS;10004.0;2
99500;Camilla;Gary;BERRIES;SEASHELLS;3854.0;10
99600;Camilla;Pablo;BANANAS;SEASHELLS;4815.0;2
99700;Pablo;Charlie;BANANAS;SEASHELLS;4817.0;3
100100;Camilla;Camilla;DIVING_GEAR;SEASHELLS;99177.0;1
100200;Camilla;Gary;BERRIES;SEASHELLS;3854.0;17
100200;Paris;Charlie;PEARLS;SEASHELLS;10002.0;1
100300;Caesar;Caesar;COCONUTS;SEASHELLS;7917.0;48
100500;Camilla;Camilla;DIVING_GEAR;SEASHELLS;99168.0;3
100600;Paris;Charlie;BANANAS;SEASHELLS;4819.0;1
100600;Paris;Caesar;PEARLS;SEASHELLS;10004.0;1
101100;Charlie;Pablo;PEARLS;SEASHELLS;9998.0;4
101200;Charlie;Peter;COCONUTS;SEASHELLS;7920.0;9
101200;Paris;Charlie;PEARLS;SEASHELLS;10002.0;1
101700;Charlie;Paris;DIVING_GEAR;SEASHELLS;99170.0;1
101700;Charlie;Paris;BANANAS;SEASHELLS;4812.0;1
101800;Charlie;Paris;PEARLS;SEASHELLS;9995.0;2
101800;Charlie;Paris;BANANAS;SEASHELLS;4813.0;2
101900;Camilla;Paris;BANANAS;SEASHELLS;4813.0;1
102000;Charlie;Penelope;BANANAS;SEASHELLS;4813.0;2
102100;Peter;Pablo;BERRIES;SEASHELLS;3856.0;3
102300;Charlie;Paris;PEARLS;SEASHELLS;9998.0;1
102400;Penelope;Paris;BANANAS;SEASHELLS;4813.0;1
102400;Charlie;Pablo;BANANAS;SEASHELLS;4814.0;1
102600;Paris;Charlie;PEARLS;SEASHELLS;10002.0;1
102700;Gary;Charlie;BANANAS;SEASHELLS;4820.0;14
103200;Paris;Charlie;BANANAS;SEASHELLS;4819.0;1
103200;Paris;Caesar;PEARLS;SEASHELLS;10004.0;1
103200;Penelope;Charlie;BANANAS;SEASHELLS;4819.0;3
103300;Caesar;Pablo;BANANAS;SEASHELLS;4815.0;3
103500;Charlie;Pablo;PEARLS;SEASHELLS;9998.0;5
103800;Paris;Charlie;BANANAS;SEASHELLS;4818.0;1
103900;Caesar;Pablo;COCONUTS;SEASHELLS;7922.0;13
104500;Charlie;Paris;DIVING_GEAR;SEASHELLS;99175.0;2
104500;Charlie;Paris;BANANAS;SEASHELLS;4813.0;1
104600;Charlie;Paris;BANANAS;SEASHELLS;4813.0;1
104600;Charlie;Paris;PEARLS;SEASHELLS;9998.0;1
104700;Pablo;Charlie;BANANAS;SEASHELLS;4817.0;2
104700;Pablo;Paris;BANANAS;SEASHELLS;4817.0;1
105200;Charlie;Paris;BANANAS;SEASHELLS;4813.0;1
105300;Camilla;Paris;BANANAS;SEASHELLS;4813.0;1
105400;Charlie;Peter;PINA_COLADAS;SEASHELLS;14870.0;2
105500;Paris;Gary;BANANAS;SEASHELLS;4818.0;1
105700;Charlie;Camilla;DIVING_GEAR;SEASHELLS;99167.0;1
106200;Camilla;Paris;BERRIES;SEASHELLS;3856.0;2
106800;Charlie;Paris;BANANAS;SEASHELLS;4815.0;1
107100;Caesar;Caesar;COCONUTS;SEASHELLS;7913.0;43
107300;Paris;Camilla;DIVING_GEAR;SEASHELLS;99217.0;2
107600;Charlie;Paris;BANANAS;SEASHELLS;4813.0;1
107800;Charlie;Paris;PEARLS;SEASHELLS;9996.0;1
107800;Paris;Paris;BANANAS;SEASHELLS;4818.0;1
107800;Caesar;Paris;PEARLS;SEASHELLS;9996.0;1
107900;Paris;Pablo;BANANAS;SEASHELLS;4814.0;1
107900;Paris;Caesar;PEARLS;SEASHELLS;10004.0;1
108000;Gina;Peter;BERRIES;SEASHELLS;3861.0;5
108300;Camilla;Camilla;DIVING_GEAR;SEASHELLS;99225.0;2
108300;Pablo;Peter;PINA_COLADAS;SEASHELLS;14861.0;5
108400;Charlie;Pablo;BANANAS;SEASHELLS;4815.0;4
108500;Charlie;Paris;PEARLS;SEASHELLS;9998.0;1
108600;Camilla;Paris;DIVING_GEAR;SEASHELLS;99240.0;1
109000;Caesar;Paris;BANANAS;SEASHELLS;4812.0;1
109200;Paris;Charlie;DIVING_GEAR;SEASHELLS;99248.0;2
109600;Charlie;Paris;PEARLS;SEASHELLS;9998.0;1
109900;Penelope;Charlie;BANANAS;SEASHELLS;4815.0;11
109900;Paris;Charlie;BANANAS;SEASHELLS;4814.0;1
110000;Caesar;Gary;PEARLS;SEASHELLS;9996.0;2
110000;Gary;Camilla;BANANAS;SEASHELLS;4813.0;4
110000;Caesar;Caesar;COCONUTS;SEASHELLS;7911.0;51
110100;Paris;Charlie;PEARLS;SEASHELLS;10002.0;1
110200;Charlie;Penelope;PEARLS;SEASHELLS;9995.0;5
110400;Caesar;Peter;COCONUTS;SEASHELLS;7910.0;9
111000;Caesar;Caesar;PINA_COLADAS;SEASHELLS;14853.0;1
111000;Caesar;Caesar;PINA_COLADAS;SEASHELLS;14853.0;30
111100;Camilla;Paris;DIVING_GEAR;SEASHELLS;99294.0;1
111200;Caesar;Paris;BANANAS;SEASHELLS;4809.0;1
111400;Charlie;Paris;BANANAS;SEASHELLS;4809.0;1
111700;Charlie;Peter;PINA_COLADAS;SEASHELLS;14844.0;3
111800;Charlie;Pablo;PEARLS;SEASHELLS;9998.0;3
111900;Charlie;Pablo;PINA_COLADAS;SEASHELLS;14839.0;5
112300;Charlie;Paris;PEARLS;SEASHELLS;9998.0;1
112300;Charlie;Paris;BANANAS;SEASHELLS;4812.0;1
112500;Camilla;Paris;DIVING_GEAR;SEASHELLS;99282.0;1
112600;Charlie;Paris;BANANAS;SEASHELLS;4812.0;1
112700;Paris;Charlie;BANANAS;SEASHELLS;4817.0;1
112800;Charlie;Paris;PEARLS;SEASHELLS;9998.0;1
112900;Pablo;Charlie;BANANAS;SEASHELLS;4816.0;1
112900;Pablo;Paris;BANANAS;SEASHELLS;4816.0;1
113100;Paris;Charlie;PEARLS;SEASHELLS;10002.0;1
113700;Charlie;Gina;BANANAS;SEASHELLS;4812.0;10
113800;Penelope;Charlie;BANANAS;SEASHELLS;4817.0;12
114000;Penelope;Camilla;BERRIES;SEASHELLS;3865.0;11
114000;Paris;Charlie;PEARLS;SEASHELLS;10002.0;1
114100;Paris;Pablo;PEARLS;SEASHELLS;9998.0;1
114100;Paris;Charlie;BANANAS;SEASHELLS;4817.0;1
114100;Charlie;Pablo;PEARLS;SEASHELLS;9998.0;3
114300;Paris;Paris;BANANAS;SEASHELLS;4816.0;1
114300;Camilla;Gary;PEARLS;SEASHELLS;9998.0;10
114300;Caesar;Paris;PEARLS;SEASHELLS;9996.0;2
114500;Penelope;Charlie;BANANAS;SEASHELLS;4815.0;4
114500;Penelope;Camilla;BANANAS;SEASHELLS;4815.0;3
114600;Camilla;Paris;BERRIES;SEASHELLS;3858.0;5
114600;Peter;Charlie;COCONUTS;SEASHELLS;7909.0;8
114700;Paris;Camilla;DIVING_GEAR;SEASHELLS;99250.0;1
114700;Caesar;Caesar;PINA_COLADAS;SEASHELLS;14846.0;23
114900;Peter;Caesar;PINA_COLADAS;SEASHELLS;14849.0;3
114900;Caesar;Gary;PEARLS;SEASHELLS;9996.0;2
115000;Paris;Charlie;BANANAS;SEASHELLS;4814.0;1
115000;Paris;Camilla;DIVING_GEAR;SEASHELLS;99244.0;1
115500;Charlie;Pablo;BANANAS;SEASHELLS;4810.0;3
115500;Paris;Pablo;BANANAS;SEASHELLS;4810.0;1
115600;Charlie;Caesar;BANANAS;SEASHELLS;4812.0;1
115600;Camilla;Paris;BERRIES;SEASHELLS;3858.0;1
115700;Charlie;Peter;COCONUTS;SEASHELLS;7907.0;6
115700;Paris;Gary;BANANAS;SEASHELLS;4814.0;1
115900;Charlie;Pablo;BANANAS;SEASHELLS;4810.0;4
116100;Charlie;Paris;BANANAS;SEASHELLS;4809.0;1
116100;Gina;Paris;PEARLS;SEASHELLS;10002.0;1
116400;Camilla;Gina;PEARLS;SEASHELLS;9998.0;9
116600;Charlie;Pablo;PEARLS;SEASHELLS;9998.0;1
116600;Charlie;Paris;BANANAS;SEASHELLS;4810.0;1
116800;Charlie;Penelope;PEARLS;SEASHELLS;9995.0;7
116800;Charlie;Paris;DIVING_GEAR;SEASHELLS;99263.0;2
116900;Gina;Charlie;BANANAS;SEASHELLS;4815.0;7
116900;Paris;Charlie;PEARLS;SEASHELLS;10002.0;1
117000;Pablo;Charlie;PEARLS;SEASHELLS;10002.0;3
117100;Charlie;Paris;PEARLS;SEASHELLS;9998.0;1
117100;Paris;Charlie;BANANAS;SEASHELLS;4815.0;1
117300;Camilla;Paris;PEARLS;SEASHELLS;9998.0;1
117300;Camilla;Paris;BANANAS;SEASHELLS;4811.0;1
117400;Charlie;Paris;PEARLS;SEASHELLS;9998.0;1
117500;Charlie;Paris;BANANAS;SEASHELLS;4811.0;1
117700;Paris;Charlie;BERRIES;SEASHELLS;3864.0;8
117800;Charlie;Paris;PEARLS;SEASHELLS;9998.0;1
117800;Paris;Gary;BANANAS;SEASHELLS;4815.0;1
118000;Charlie;Pablo;COCONUTS;SEASHELLS;7903.0;20
118000;Charlie;Gary;BANANAS;SEASHELLS;4811.0;14
118100;Pablo;Paris;BANANAS;SEASHELLS;4815.0;1
118100;Caesar;Paris;PEARLS;SEASHELLS;9996.0;1
118800;Charlie;Paris;BANANAS;SEASHELLS;4810.0;1
119100;Paris;Camilla;BANANAS;SEASHELLS;4814.0;2
119100;Gary;Camilla;PEARLS;SEASHELLS;10002.0;5
119100;Paris;Caesar;PEARLS;SEASHELLS;10004.0;2
119200;Charlie;Gina;PEARLS;SEASHELLS;9998.0;5
119200;Camilla;Gina;PEARLS;SEASHELLS;9998.0;3
119800;Paris;Camilla;BERRIES;SEASHELLS;3859.0;8
120000;Pablo;Charlie;PEARLS;SEASHELLS;10002.0;3
120300;Charlie;Paris;BANANAS;SEASHELLS;4810.0;1
120300;Charlie;Paris;PEARLS;SEASHELLS;9995.0;1
120500;Charlie;Penelope;BANANAS;SEASHELLS;4811.0;9
120500;Caesar;Penelope;BANANAS;SEASHELLS;4811.0;2
120800;Camilla;Penelope;BERRIES;SEASHELLS;3855.0;12
121000;Penelope;Caesar;PEARLS;SEASHELLS;10000.0;5
121200;Gary;Paris;PEARLS;SEASHELLS;9998.0;1
121700;Paris;Charlie;PEARLS;SEASHELLS;10002.0;1
121700;Camilla;Pablo;BANANAS;SEASHELLS;4812.0;3
121800;Camilla;Penelope;BERRIES;SEASHELLS;3856.0;15
122100;Penelope;Charlie;BANANAS;SEASHELLS;4818.0;7
122100;Camilla;Paris;PEARLS;SEASHELLS;9998.0;1
122200;Camilla;Paris;BANANAS;SEASHELLS;4812.0;1
122500;Charlie;Peter;PINA_COLADAS;SEASHELLS;14816.0;4
122500;Charlie;Paris;BANANAS;SEASHELLS;4811.0;1
122600;Charlie;Paris;PEARLS;SEASHELLS;9998.0;1
122900;Charlie;Paris;BANANAS;SEASHELLS;4810.0;1
122900;Caesar;Paris;PEARLS;SEASHELLS;9996.0;1
123000;Paris;Charlie;BANANAS;SEASHELLS;4814.0;1
123200;Paris;Charlie;BANANAS;SEASHELLS;4815.0;1
123800;Paris;Camilla;PEARLS;SEASHELLS;10002.0;2
123800;Paris;Camilla;BANANAS;SEASHELLS;4814.0;2
123900;Paris;Pablo;BANANAS;SEASHELLS;4810.0;1
124000;Caesar;Caesar;COCONUTS;SEASHELLS;7885.0;44
124400;Paris;Charlie;BANANAS;SEASHELLS;4815.0;1
124700;Camilla;Paris;PEARLS;SEASHELLS;9998.0;1
124900;Pablo;Paris;BERRIES;SEASHELLS;3860.0;8
125100;Charlie;Paris;BANANAS;SEASHELLS;4809.0;1
125100;Caesar;Paris;PEARLS;SEASHELLS;9996.0;1
125600;Paris;Charlie;PEARLS;SEASHELLS;10002.0;1
125900;Paris;Camilla;DIVING_GEAR;SEASHELLS;99367.0;3
126200;Charlie;Penelope;PEARLS;SEASHELLS;9998.0;3
126200;Camilla;Penelope;PEARLS;SEASHELLS;9998.0;1
126300;Charlie;Paris;PEARLS;SEASHELLS;9998.0;1
126400;Caesar;Paris;PEARLS;SEASHELLS;9996.0;1
126400;Charlie;Paris;BANANAS;SEASHELLS;4808.0;1
126500;Paris;Charlie;BANANAS;SEASHELLS;4814.0;1
126700;Caesar;Paris;PEARLS;SEASHELLS;9996.0;1
126700;Caesar;Paris;BANANAS;SEASHELLS;4809.0;1
126700;Charlie;Paris;BANANAS;SEASHELLS;4808.0;1
126700;Paris;Camilla;BERRIES;SEASHELLS;3863.0;8
126800;Paris;Camilla;BERRIES;SEASHELLS;3863.0;10
126900;Charlie;Penelope;BANANAS;SEASHELLS;4808.0;2
127000;Paris;Charlie;BANANAS;SEASHELLS;4814.0;1
127000;Paris;Caesar;PEARLS;SEASHELLS;10000.0;1
127600;Paris;Charlie;DIVING_GEAR;SEASHELLS;99375.0;2
127700;Charlie;Paris;BANANAS;SEASHELLS;4806.0;1
127900;Charlie;Paris;BANANAS;SEASHELLS;4805.0;1
128000;Camilla;Paris;BANANAS;SEASHELLS;4806.0;2
128000;Camilla;Paris;PEARLS;SEASHELLS;9998.0;2
128200;Charlie;Paris;BANANAS;SEASHELLS;4805.0;1
128500;Pablo;Charlie;PEARLS;SEASHELLS;10002.0;3
128800;Pablo;Charlie;PEARLS;SEASHELLS;10002.0;1
129100;Charlie;Paris;BANANAS;SEASHELLS;4807.0;1
129200;Charlie;Paris;BANANAS;SEASHELLS;4807.0;1
129300;Charlie;Paris;BANANAS;SEASHELLS;4807.0;1
129600;Paris;Caesar;PEARLS;SEASHELLS;10000.0;1
129600;Paris;Charlie;BANANAS;SEASHELLS;4812.0;1
129800;Paris;Camilla;BERRIES;SEASHELLS;3861.0;1
130000;Caesar;Paris;BANANAS;SEASHELLS;4805.0;2
130000;Caesar;Paris;PEARLS;SEASHELLS;9996.0;2
130400;Peter;Caesar;COCONUTS;SEASHELLS;7886.0;9
130400;Paris;Pablo;BERRIES;SEASHELLS;3857.0;3
130600;Camilla;Paris;BERRIES;SEASHELLS;3855.0;8
130700;Caesar;Pablo;COCONUTS;SEASHELLS;7884.0;16
131100;Paris;Charlie;DIVING_GEAR;SEASHELLS;99393.0;3
131200;Paris;Charlie;PEARLS;SEASHELLS;10002.0;1
131300;Caesar;Pablo;COCONUTS;SEASHELLS;7887.0;17
131400;Paris;Gina;BANANAS;SEASHELLS;4813.0;1
131400;Charlie;Gina;BANANAS;SEASHELLS;4808.0;7
131700;Charlie;Paris;DIVING_GEAR;SEASHELLS;99376.0;1
131800;Camilla;Paris;DIVING_GEAR;SEASHELLS;99386.0;2
132100;Charlie;Peter;PINA_COLADAS;SEASHELLS;14846.0;4
132100;Camilla;Paris;BANANAS;SEASHELLS;4807.0;1
132600;Caesar;Penelope;BANANAS;SEASHELLS;4807.0;2
132600;Paris;Charlie;BANANAS;SEASHELLS;4813.0;2
132600;Paris;Caesar;PEARLS;SEASHELLS;10004.0;2
132700;Peter;Caesar;COCONUTS;SEASHELLS;7897.0;10
132800;Paris;Camilla;DIVING_GEAR;SEASHELLS;99390.0;1
132900;Penelope;Camilla;BERRIES;SEASHELLS;3861.0;10
133200;Charlie;Penelope;PEARLS;SEASHELLS;9996.0;7
133200;Caesar;Penelope;PEARLS;SEASHELLS;9996.0;1
134200;Charlie;Camilla;DIVING_GEAR;SEASHELLS;99406.0;3
134600;Paris;Camilla;BERRIES;SEASHELLS;3860.0;4
134800;Paris;Charlie;BANANAS;SEASHELLS;4815.0;1
134800;Camilla;Paris;DIVING_GEAR;SEASHELLS;99395.0;1
135000;Paris;Charlie;BANANAS;SEASHELLS;4815.0;1
135200;Paris;Camilla;DIVING_GEAR;SEASHELLS;99381.0;1
135400;Caesar;Peter;COCONUTS;SEASHELLS;7902.0;7
135600;Camilla;Gary;BERRIES;SEASHELLS;3856.0;11
135700;Charlie;Pablo;BANANAS;SEASHELLS;4812.0;3
135700;Paris;Camilla;DIVING_GEAR;SEASHELLS;99404.0;2
135800;Charlie;Paris;DIVING_GEAR;SEASHELLS;99397.0;1
136100;Caesar;Caesar;PINA_COLADAS;SEASHELLS;14870.0;30
136200;Paris;Camilla;DIVING_GEAR;SEASHELLS;99392.0;1
136300;Camilla;Pablo;PEARLS;SEASHELLS;9998.0;3
136500;Caesar;Paris;BANANAS;SEASHELLS;4810.0;1
136500;Caesar;Paris;PEARLS;SEASHELLS;9996.0;1
136500;Charlie;Pablo;COCONUTS;SEASHELLS;7901.0;30
136600;Pablo;Caesar;PEARLS;SEASHELLS;10002.0;2
136600;Pablo;Charlie;PEARLS;SEASHELLS;10002.0;2
136700;Charlie;Camilla;DIVING_GEAR;SEASHELLS;99421.0;1
136800;Caesar;Paris;BANANAS;SEASHELLS;4811.0;1
137000;Charlie;Paris;PEARLS;SEASHELLS;9998.0;1
137100;Paris;Camilla;BERRIES;SEASHELLS;3863.0;2
137400;Caesar;Caesar;PINA_COLADAS;SEASHELLS;14868.0;5
137400;Caesar;Caesar;PINA_COLADAS;SEASHELLS;14868.0;30
137600;Paris;Charlie;BANANAS;SEASHELLS;4817.0;1
138000;Camilla;Paris;BERRIES;SEASHELLS;3858.0;2
138200;Charlie;Penelope;PEARLS;SEASHELLS;9995.0;7
138300;Charlie;Paris;PEARLS;SEASHELLS;9998.0;1
138600;Paris;Charlie;DIVING_GEAR;SEASHELLS;99405.0;1
138800;Paris;Charlie;BANANAS;SEASHELLS;4814.0;1
138900;Charlie;Paris;PEARLS;SEASHELLS;9998.0;1
139000;Charlie;Paris;PEARLS;SEASHELLS;9998.0;1
139200;Paris;Camilla;PEARLS;SEASHELLS;10002.0;1
139300;Charlie;Pablo;PEARLS;SEASHELLS;9998.0;2
139400;Paris;Camilla;BERRIES;SEASHELLS;3864.0;7
139900;Camilla;Gary;BERRIES;SEASHELLS;3860.0;13
140000;Paris;Camilla;DIVING_GEAR;SEASHELLS;99368.0;1
140100;Charlie;Paris;PEARLS;SEASHELLS;9995.0;1
140100;Charlie;Paris;BANANAS;SEASHELLS;4807.0;1
140200;Gina;Charlie;BANANAS;SEASHELLS;4812.0;10
140200;Charlie;Camilla;DIVING_GEAR;SEASHELLS;99376.0;1
140400;Paris;Camilla;BANANAS;SEASHELLS;4812.0;2
140400;Charlie;Paris;BANANAS;SEASHELLS;4807.0;1
140400;Paris;Camilla;PEARLS;SEASHELLS;10002.0;2
140500;Charlie;Pablo;PEARLS;SEASHELLS;9998.0;3
140500;Paris;Charlie;BANANAS;SEASHELLS;4812.0;1
141000;Camilla;Penelope;BERRIES;SEASHELLS;3857.0;12
141000;Caesar;Caesar;PINA_COLADAS;SEASHELLS;14870.0;23
141100;Charlie;Paris;BANANAS;SEASHELLS;4808.0;1
141400;Charlie;Penelope;PEARLS;SEASHELLS;9995.0;7
141500;Peter;Charlie;PINA_COLADAS;SEASHELLS;14870.0;4
141600;Camilla;Camilla;DIVING_GEAR;SEASHELLS;99306.0;1
141900;Camilla;Paris;BERRIES;SEASHELLS;3856.0;6
141900;Paris;Paris;BANANAS;SEASHELLS;4808.0;1
141900;Paris;Caesar;PEARLS;SEASHELLS;10004.0;1
142100;Caesar;Paris;PEARLS;SEASHELLS;9996.0;1
142100;Caesar;Paris;BANANAS;SEASHELLS;4808.0;1
142200;Paris;Camilla;BERRIES;SEASHELLS;3861.0;3
142300;Charlie;Gary;BANANAS;SEASHELLS;4808.0;17
142400;Gary;Peter;BERRIES;SEASHELLS;3856.0;2
142400;Charlie;Gary;PEARLS;SEASHELLS;9995.0;12
142700;Paris;Camilla;DIVING_GEAR;SEASHELLS;99314.0;3
143100;Caesar;Gina;PEARLS;SEASHELLS;9998.0;2
143200;Paris;Camilla;BANANAS;SEASHELLS;4814.0;1
143300;Camilla;Camilla;DIVING_GEAR;SEASHELLS;99321.0;2
143500;Penelope;Camilla;BANANAS;SEASHELLS;4814.0;2
143900;Paris;Charlie;DIVING_GEAR;SEASHELLS;99352.0;3
144200;Caesar;Paris;BANANAS;SEASHELLS;4809.0;2
144200;Caesar;Paris;PEARLS;SEASHELLS;9996.0;2
144500;Pablo;Charlie;PEARLS;SEASHELLS;10002.0;3
144500;Pablo;Charlie;BANANAS;SEASHELLS;4812.0;4
144600;Paris;Charlie;BANANAS;SEASHELLS;4814.0;1
144600;Paris;Charlie;PEARLS;SEASHELLS;10002.0;1
144900;Charlie;Pablo;COCONUTS;SEASHELLS;7907.0;25
145100;Charlie;Paris;BANANAS;SEASHELLS;4808.0;1
145300;Paris;Charlie;DIVING_GEAR;SEASHELLS;99323.0;2
145900;Paris;Charlie;BANANAS;SEASHELLS;4815.0;1
146000;Charlie;Penelope;BANANAS;SEASHELLS;4810.0;7
146000;Camilla;Charlie;DIVING_GEAR;SEASHELLS;99340.0;1
146300;Charlie;Pablo;COCONUTS;SEASHELLS;7910.0;28
146400;Camilla;Gary;BERRIES;SEASHELLS;3855.0;10
146500;Paris;Charlie;DIVING_GEAR;SEASHELLS;99323.0;3
146900;Charlie;Caesar;BANANAS;SEASHELLS;4812.0;3
146900;Paris;Charlie;PEARLS;SEASHELLS;10002.0;1
147000;Camilla;Paris;DIVING_GEAR;SEASHELLS;99303.0;3
147300;Paris;Camilla;BANANAS;SEASHELLS;4815.0;1
147300;Peter;Charlie;PINA_COLADAS;SEASHELLS;14875.0;4
147600;Charlie;Paris;BANANAS;SEASHELLS;4809.0;1
147700;Gary;Caesar;PEARLS;SEASHELLS;10004.0;2
147700;Gary;Charlie;PEARLS;SEASHELLS;10004.0;8
147700;Charlie;Paris;BANANAS;SEASHELLS;4809.0;1
147800;Charlie;Pablo;PEARLS;SEASHELLS;9998.0;4
147800;Paris;Pablo;PEARLS;SEASHELLS;9998.0;1
147900;Camilla;Penelope;BERRIES;SEASHELLS;3858.0;10
147900;Paris;Camilla;DIVING_GEAR;SEASHELLS;99298.0;3
148400;Camilla;Paris;BERRIES;SEASHELLS;3857.0;5
148700;Charlie;Gina;BANANAS;SEASHELLS;4811.0;13
148700;Penelope;Gina;BERRIES;SEASHELLS;3861.0;14
148800;Charlie;Paris;PEARLS;SEASHELLS;9998.0;1
148900;Charlie;Pablo;PEARLS;SEASHELLS;9998.0;5
148900;Peter;Charlie;COCONUTS;SEASHELLS;7907.0;9
149000;Gina;Camilla;BANANAS;SEASHELLS;4816.0;1
149000;Paris;Camilla;PEARLS;SEASHELLS;10002.0;1
149000;Gina;Caesar;BANANAS;SEASHELLS;4816.0;1
149500;Penelope;Charlie;BANANAS;SEASHELLS;4816.0;1
149500;Penelope;Camilla;BANANAS;SEASHELLS;4816.0;10
149600;Paris;Caesar;BANANAS;SEASHELLS;4816.0;1
149700;Charlie;Gary;BANANAS;SEASHELLS;4811.0;12
149700;Charlie;Pablo;COCONUTS;SEASHELLS;7906.0;29
149900;Caesar;Caesar;COCONUTS;SEASHELLS;7905.0;52
150100;Charlie;Paris;BANANAS;SEASHELLS;4811.0;1
150100;Paris;Charlie;PEARLS;SEASHELLS;10002.0;1
150500;Pablo;Charlie;PEARLS;SEASHELLS;10002.0;3
150600;Paris;Caesar;PEARLS;SEASHELLS;10004.0;1
150600;Paris;Charlie;BANANAS;SEASHELLS;4817.0;1
150700;Charlie;Penelope;BANANAS;SEASHELLS;4810.0;8
150800;Charlie;Paris;DIVING_GEAR;SEASHELLS;99319.0;1
151000;Caesar;Caesar;PINA_COLADAS;SEASHELLS;14871.0;24
151000;Caesar;Pablo;PINA_COLADAS;SEASHELLS;14871.0;5
151300;Charlie;Caesar;BANANAS;SEASHELLS;4811.0;3
151500;Camilla;Camilla;DIVING_GEAR;SEASHELLS;99313.0;2
152000;Caesar;Caesar;COCONUTS;SEASHELLS;7900.0;50
152100;Pablo;Paris;BANANAS;SEASHELLS;4812.0;1
152100;Pablo;Charlie;BANANAS;SEASHELLS;4812.0;4
152200;Paris;Caesar;PEARLS;SEASHELLS;10004.0;1
152200;Paris;Caesar;BANANAS;SEASHELLS;4814.0;1
152700;Charlie;Paris;PEARLS;SEASHELLS;9998.0;1
153000;Charlie;Paris;DIVING_GEAR;SEASHELLS;99304.0;3
153100;Paris;Camilla;PEARLS;SEASHELLS;10002.0;1
153200;Gary;Camilla;PEARLS;SEASHELLS;10002.0;4
153500;Charlie;Penelope;BANANAS;SEASHELLS;4810.0;11
153700;Charlie;Peter;PINA_COLADAS;SEASHELLS;14862.0;5
154000;Paris;Charlie;PEARLS;SEASHELLS;10002.0;1
154000;Charlie;Pablo;BANANAS;SEASHELLS;4810.0;4
154000;Penelope;Camilla;BERRIES;SEASHELLS;3866.0;10
154300;Charlie;Paris;BANANAS;SEASHELLS;4809.0;1
154300;Charlie;Paris;DIVING_GEAR;SEASHELLS;99305.0;2
154900;Paris;Camilla;DIVING_GEAR;SEASHELLS;99316.0;3
155200;Caesar;Paris;PEARLS;SEASHELLS;9996.0;1
155200;Charlie;Paris;BANANAS;SEASHELLS;4809.0;2
155500;Charlie;Paris;BANANAS;SEASHELLS;4808.0;1
156000;Charlie;Paris;BANANAS;SEASHELLS;4807.0;1
156100;Paris;Camilla;PEARLS;SEASHELLS;10002.0;2
156100;Paris;Camilla;BANANAS;SEASHELLS;4812.0;2
156100;Paris;Camilla;BERRIES;SEASHELLS;3863.0;1
156300;Paris;Pablo;PEARLS;SEASHELLS;9998.0;2
156300;Paris;Caesar;BANANAS;SEASHELLS;4814.0;2
156600;Paris;Charlie;BANANAS;SEASHELLS;4812.0;1
157100;Caesar;Caesar;COCONUTS;SEASHELLS;7904.0;47
157300;Charlie;Paris;BANANAS;SEASHELLS;4808.0;1
157400;Camilla;Paris;DIVING_GEAR;SEASHELLS;99304.0;3
157400;Camilla;Camilla;DIVING_GEAR;SEASHELLS;99304.0;2
157500;Camilla;Paris;DIVING_GEAR;SEASHELLS;99304.0;1
157900;Charlie;Penelope;BANANAS;SEASHELLS;4809.0;6
158100;Camilla;Paris;BANANAS;SEASHELLS;4811.0;1
158200;Charlie;Paris;BANANAS;SEASHELLS;4810.0;1
158300;Charlie;Paris;BANANAS;SEASHELLS;4811.0;2
158300;Charlie;Paris;PEARLS;SEASHELLS;9995.0;2
158400;Paris;Camilla;BERRIES;SEASHELLS;3863.0;2
158500;Pablo;Charlie;BANANAS;SEASHELLS;4816.0;4
158900;Charlie;Paris;PEARLS;SEASHELLS;9998.0;1
159400;Camilla;Pablo;BANANAS;SEASHELLS;4812.0;1
159600;Paris;Camilla;BERRIES;SEASHELLS;3864.0;7
159600;Pablo;Charlie;PEARLS;SEASHELLS;10002.0;3
159700;Caesar;Paris;PEARLS;SEASHELLS;9996.0;1
159700;Charlie;Paris;BANANAS;SEASHELLS;4811.0;1
159800;Camilla;Paris;BANANAS;SEASHELLS;4812.0;2
159800;Camilla;Paris;PEARLS;SEASHELLS;9998.0;2
159900;Penelope;Charlie;BANANAS;SEASHELLS;4818.0;12
159900;Penelope;Caesar;PEARLS;SEASHELLS;10004.0;1
160200;Charlie;Paris;BANANAS;SEASHELLS;4814.0;1
160400;Camilla;Camilla;DIVING_GEAR;SEASHELLS;99340.0;3
160600;Charlie;Penelope;PEARLS;SEASHELLS;9995.0;7
160600;Charlie;Gina;BANANAS;SEASHELLS;4815.0;11
160900;Paris;Charlie;BANANAS;SEASHELLS;4820.0;1
160900;Paris;Charlie;PEARLS;SEASHELLS;10005.0;1
161100;Charlie;Paris;BANANAS;SEASHELLS;4813.0;1
161100;Charlie;Paris;PEARLS;SEASHELLS;9995.0;1
161100;Penelope;Camilla;BERRIES;SEASHELLS;3868.0;14
161200;Charlie;Paris;BANANAS;SEASHELLS;4813.0;1
161500;Paris;Charlie;BANANAS;SEASHELLS;4819.0;1
161500;Paris;Charlie;PEARLS;SEASHELLS;10005.0;1
161600;Caesar;Caesar;PINA_COLADAS;SEASHELLS;14890.0;26
161900;Camilla;Camilla;DIVING_GEAR;SEASHELLS;99321.0;3
162000;Paris;Camilla;PEARLS;SEASHELLS;10002.0;1
162100;Caesar;Caesar;PINA_COLADAS;SEASHELLS;14888.0;40
162100;Charlie;Pablo;PEARLS;SEASHELLS;9998.0;5
162100;Paris;Camilla;BANANAS;SEASHELLS;4817.0;1
162300;Charlie;Gary;BANANAS;SEASHELLS;4812.0;15
162300;Charlie;Paris;BANANAS;SEASHELLS;4812.0;1
162400;Camilla;Paris;DIVING_GEAR;SEASHELLS;99330.0;2
162600;Paris;Charlie;BANANAS;SEASHELLS;4818.0;2
162600;Paris;Caesar;PEARLS;SEASHELLS;10004.0;2
163000;Paris;Camilla;BANANAS;SEASHELLS;4816.0;1
163000;Paris;Gina;PEARLS;SEASHELLS;9998.0;1
163100;Paris;Camilla;BERRIES;SEASHELLS;3870.0;8
163100;Charlie;Pablo;BANANAS;SEASHELLS;4813.0;3
163200;Camilla;Paris;BERRIES;SEASHELLS;3862.0;4
163500;Charlie;Gary;BANANAS;SEASHELLS;4814.0;13
163500;Caesar;Gary;BANANAS;SEASHELLS;4814.0;1
163800;Paris;Paris;BANANAS;SEASHELLS;4813.0;1
163800;Paris;Charlie;PEARLS;SEASHELLS;10005.0;1
163900;Paris;Caesar;PEARLS;SEASHELLS;10004.0;1
163900;Camilla;Paris;PEARLS;SEASHELLS;9998.0;1
163900;Paris;Charlie;BANANAS;SEASHELLS;4819.0;2
163900;Paris;Charlie;PEARLS;SEASHELLS;10004.0;1
164100;Caesar;Caesar;COCONUTS;SEASHELLS;7914.0;41
164300;Camilla;Charlie;DIVING_GEAR;SEASHELLS;99319.0;1
164300;Paris;Charlie;BANANAS;SEASHELLS;4818.0;1
164300;Pablo;Charlie;PEARLS;SEASHELLS;10002.0;3
164500;Charlie;Peter;COCONUTS;SEASHELLS;7913.0;10
164800;Paris;Charlie;BANANAS;SEASHELLS;4816.0;1
164900;Caesar;Penelope;PEARLS;SEASHELLS;9996.0;2
164900;Charlie;Penelope;PEARLS;SEASHELLS;9996.0;6
165400;Charlie;Pablo;PEARLS;SEASHELLS;9998.0;2
165600;Gary;Camilla;BERRIES;SEASHELLS;3867.0;14
165800;Charlie;Paris;BANANAS;SEASHELLS;4812.0;1
165800;Camilla;Paris;BERRIES;SEASHELLS;3861.0;9
165800;Paris;Charlie;PEARLS;SEASHELLS;10002.0;1
165900;Charlie;Paris;PEARLS;SEASHELLS;9998.0;1
166100;Camilla;Gary;PEARLS;SEASHELLS;9998.0;3
166300;Charlie;Pablo;PINA_COLADAS;SEASHELLS;14901.0;10
166500;Gary;Pablo;BANANAS;SEASHELLS;4814.0;5
166600;Peter;Charlie;COCONUTS;SEASHELLS;7912.0;5
166600;Charlie;Paris;BANANAS;SEASHELLS;4813.0;1
166700;Caesar;Caesar;COCONUTS;SEASHELLS;7910.0;67
167000;Camilla;Gary;PEARLS;SEASHELLS;9998.0;5
167100;Penelope;Caesar;PEARLS;SEASHELLS;10004.0;2
167100;Caesar;Paris;BANANAS;SEASHELLS;4814.0;1
167300;Penelope;Charlie;PEARLS;SEASHELLS;10005.0;5
167500;Paris;Charlie;BANANAS;SEASHELLS;4819.0;2
167500;Paris;Paris;PEARLS;SEASHELLS;9998.0;1
168100;Pablo;Charlie;PEARLS;SEASHELLS;10002.0;1
168200;Charlie;Pablo;PEARLS;SEASHELLS;9998.0;4
168500;Charlie;Paris;BANANAS;SEASHELLS;4813.0;1
168600;Camilla;Paris;BERRIES;SEASHELLS;3858.0;10
168900;Camilla;Penelope;BANANAS;SEASHELLS;4814.0;8
168900;Camilla;Paris;PEARLS;SEASHELLS;9998.0;2
168900;Camilla;Paris;BANANAS;SEASHELLS;4814.0;1
169300;Charlie;Pablo;PINA_COLADAS;SEASHELLS;14903.0;13
169300;Paris;Camilla;PEARLS;SEASHELLS;10002.0;1
169400;Paris;Charlie;BANANAS;SEASHELLS;4819.0;1
169600;Caesar;Pablo;COCONUTS;SEASHELLS;7912.0;16
169700;Camilla;Paris;PEARLS;SEASHELLS;9998.0;1
169800;Paris;Caesar;BANANAS;SEASHELLS;4820.0;2
169800;Paris;Caesar;PEARLS;SEASHELLS;10004.0;2
169900;Charlie;Pablo;PINA_COLADAS;SEASHELLS;14899.0;15
170100;Paris;Charlie;BANANAS;SEASHELLS;4820.0;2
170100;Paris;Charlie;PEARLS;SEASHELLS;10005.0;2
170200;Paris;Camilla;BANANAS;SEASHELLS;4818.0;1
170200;Charlie;Paris;DIVING_GEAR;SEASHELLS;99452.0;3
170400;Charlie;Paris;BANANAS;SEASHELLS;4812.0;1
170700;Caesar;Paris;PEARLS;SEASHELLS;9996.0;1
170700;Charlie;Paris;BANANAS;SEASHELLS;4810.0;1
170800;Caesar;Pablo;PINA_COLADAS;SEASHELLS;14905.0;6
170800;Paris;Charlie;PEARLS;SEASHELLS;10002.0;1
171400;Penelope;Peter;BERRIES;SEASHELLS;3858.0;3
171500;Caesar;Gary;PEARLS;SEASHELLS;9996.0;1
171600;Caesar;Penelope;PEARLS;SEASHELLS;9996.0;2
171900;Camilla;Paris;BERRIES;SEASHELLS;3855.0;4
172200;Charlie;Paris;PEARLS;SEASHELLS;9998.0;1
172200;Paris;Camilla;DIVING_GEAR;SEASHELLS;99504.0;1
172300;Pablo;Charlie;PEARLS;SEASHELLS;10002.0;2
172400;Charlie;Paris;BANANAS;SEASHELLS;4808.0;1
172400;Penelope;Camilla;BERRIES;SEASHELLS;3862.0;13
172500;Caesar;Peter;PINA_COLADAS;SEASHELLS;14912.0;2
172600;Penelope;Charlie;BANANAS;SEASHELLS;4813.0;12
173100;Caesar;Paris;BANANAS;SEASHELLS;4806.0;1
173100;Caesar;Paris;PEARLS;SEASHELLS;9996.0;1
173300;Pablo;Charlie;BANANAS;SEASHELLS;4810.0;4
173300;Pablo;Paris;BANANAS;SEASHELLS;4810.0;1
173400;Paris;Charlie;BANANAS;SEASHELLS;4811.0;1
173400;Camilla;Paris;BERRIES;SEASHELLS;3857.0;5
173600;Paris;Charlie;BANANAS;SEASHELLS;4811.0;1
173600;Charlie;Paris;PEARLS;SEASHELLS;9998.0;1
173800;Caesar;Gary;BANANAS;SEASHELLS;4806.0;1
173900;Charlie;Paris;BANANAS;SEASHELLS;4805.0;1
174000;Paris;Camilla;DIVING_GEAR;SEASHELLS;99534.0;2
174200;Gary;Caesar;PEARLS;SEASHELLS;10004.0;2
174400;Charlie;Peter;PINA_COLADAS;SEASHELLS;14925.0;5
174700;Caesar;Paris;BANANAS;SEASHELLS;4805.0;1
174800;Charlie;Paris;PEARLS;SEASHELLS;9995.0;1
174800;Charlie;Paris;BANANAS;SEASHELLS;4804.0;1
175200;Paris;Caesar;PEARLS;SEASHELLS;10002.0;1
175300;Charlie;Paris;BANANAS;SEASHELLS;4805.0;1
175500;Camilla;Penelope;BANANAS;SEASHELLS;4806.0;2
175800;Paris;Camilla;BERRIES;SEASHELLS;3869.0;5
175800;Pablo;Paris;BANANAS;SEASHELLS;4809.0;1
176100;Penelope;Charlie;BANANAS;SEASHELLS;4812.0;4
176200;Paris;Charlie;BANANAS;SEASHELLS;4812.0;1
176200;Paris;Charlie;PEARLS;SEASHELLS;10005.0;1
177000;Paris;Camilla;BANANAS;SEASHELLS;4812.0;1
177700;Charlie;Penelope;BANANAS;SEASHELLS;4806.0;3
177700;Paris;Camilla;BANANAS;SEASHELLS;4811.0;1
177800;Charlie;Paris;PEARLS;SEASHELLS;9998.0;1
178100;Paris;Camilla;DIVING_GEAR;SEASHELLS;99570.0;1
178100;Charlie;Paris;BANANAS;SEASHELLS;4807.0;1
178200;Paris;Charlie;BERRIES;SEASHELLS;3874.0;5
178400;Charlie;Paris;PEARLS;SEASHELLS;9998.0;1
178500;Camilla;Gary;PEARLS;SEASHELLS;9998.0;3
178700;Camilla;Paris;PEARLS;SEASHELLS;9998.0;1
178700;Camilla;Paris;BANANAS;SEASHELLS;4807.0;1
178800;Paris;Camilla;PEARLS;SEASHELLS;10002.0;2
178800;Paris;Caesar;BANANAS;SEASHELLS;4809.0;2
179300;Charlie;Gina;BANANAS;SEASHELLS;4807.0;12
179500;Camilla;Paris;BERRIES;SEASHELLS;3870.0;10
179600;Penelope;Camilla;PEARLS;SEASHELLS;10002.0;4
179700;Penelope;Charlie;BANANAS;SEASHELLS;4815.0;9
179700;Camilla;Paris;BANANAS;SEASHELLS;4808.0;1
179800;Paris;Caesar;PEARLS;SEASHELLS;10004.0;2
179800;Paris;Charlie;BANANAS;SEASHELLS;4814.0;2
179900;Camilla;Paris;DIVING_GEAR;SEASHELLS;99589.0;2
180000;Camilla;Paris;DIVING_GEAR;SEASHELLS;99597.0;2
180300;Paris;Charlie;BANANAS;SEASHELLS;4813.0;1
180300;Charlie;Paris;PEARLS;SEASHELLS;9998.0;1
180600;Paris;Caesar;PEARLS;SEASHELLS;10004.0;1
180600;Paris;Caesar;BANANAS;SEASHELLS;4810.0;1
180800;Penelope;Charlie;BANANAS;SEASHELLS;4814.0;10
180900;Caesar;Paris;PEARLS;SEASHELLS;9996.0;1
180900;Caesar;Paris;BANANAS;SEASHELLS;4808.0;1
181400;Charlie;Penelope;BANANAS;SEASHELLS;4807.0;7
181600;Gina;Penelope;BANANAS;SEASHELLS;4812.0;3
181700;Paris;Charlie;BANANAS;SEASHELLS;4813.0;1
181700;Paris;Paris;PEARLS;SEASHELLS;9998.0;1
181800;Camilla;Camilla;DIVING_GEAR;SEASHELLS;99624.0;1
182200;Paris;Charlie;DIVING_GEAR;SEASHELLS;99628.0;2
182700;Camilla;Paris;DIVING_GEAR;SEASHELLS;99631.0;2
183100;Charlie;Pablo;PEARLS;SEASHELLS;9998.0;2
183200;Charlie;Paris;BANANAS;SEASHELLS;4807.0;1
183300;Charlie;Paris;BANANAS;SEASHELLS;4808.0;1
183400;Charlie;Paris;BANANAS;SEASHELLS;4807.0;1
183500;Charlie;Gina;BANANAS;SEASHELLS;4808.0;12
183600;Penelope;Charlie;PEARLS;SEASHELLS;10005.0;2
183600;Camilla;Paris;DIVING_GEAR;SEASHELLS;99652.0;2
183600;Charlie;Penelope;BANANAS;SEASHELLS;4807.0;5
183700;Camilla;Camilla;DIVING_GEAR;SEASHELLS;99648.0;1
183800;Paris;Paris;PEARLS;SEASHELLS;10002.0;1
183800;Camilla;Paris;BANANAS;SEASHELLS;4808.0;1
183900;Charlie;Paris;PEARLS;SEASHELLS;9995.0;2
183900;Paris;Paris;BANANAS;SEASHELLS;4812.0;1
184000;Caesar;Caesar;PINA_COLADAS;SEASHELLS;14916.0;27
184000;Paris;Charlie;BANANAS;SEASHELLS;4812.0;1
184000;Caesar;Caesar;PINA_COLADAS;SEASHELLS;14916.0;8
184400;Charlie;Camilla;DIVING_GEAR;SEASHELLS;99636.0;3
184500;Paris;Charlie;PEARLS;SEASHELLS;10002.0;1
184800;Caesar;Caesar;COCONUTS;SEASHELLS;7921.0;10
184800;Paris;Charlie;BANANAS;SEASHELLS;4812.0;1
184800;Caesar;Caesar;COCONUTS;SEASHELLS;7921.0;64
184900;Caesar;Penelope;BANANAS;SEASHELLS;4807.0;1
184900;Charlie;Penelope;BANANAS;SEASHELLS;4807.0;2
185100;Camilla;Charlie;DIVING_GEAR;SEASHELLS;99641.0;1
185600;Paris;Camilla;BERRIES;SEASHELLS;3874.0;7
185600;Penelope;Camilla;PEARLS;SEASHELLS;10002.0;2
185800;Camilla;Penelope;BERRIES;SEASHELLS;3867.0;10
185900;Paris;Penelope;BANANAS;SEASHELLS;4807.0;2
185900;Camilla;Penelope;BANANAS;SEASHELLS;4807.0;7
185900;Caesar;Peter;COCONUTS;SEASHELLS;7923.0;10
185900;Paris;Charlie;PEARLS;SEASHELLS;10005.0;2
185900;Charlie;Penelope;BANANAS;SEASHELLS;4807.0;3
186200;Charlie;Paris;BANANAS;SEASHELLS;4806.0;1
186200;Charlie;Paris;PEARLS;SEASHELLS;9998.0;1
186400;Caesar;Caesar;COCONUTS;SEASHELLS;7923.0;73
186600;Paris;Charlie;PEARLS;SEASHELLS;10002.0;1
186800;Paris;Charlie;BANANAS;SEASHELLS;4812.0;1
186900;Camilla;Camilla;DIVING_GEAR;SEASHELLS;99686.0;2
187200;Charlie;Paris;DIVING_GEAR;SEASHELLS;99698.0;1
187800;Camilla;Paris;BERRIES;SEASHELLS;3865.0;5
187900;Penelope;Paris;PEARLS;SEASHELLS;10004.0;2
187900;Penelope;Camilla;BERRIES;SEASHELLS;3873.0;12
187900;Penelope;Caesar;PEARLS;SEASHELLS;10004.0;1
187900;Camilla;Paris;BANANAS;SEASHELLS;4808.0;2
188200;Paris;Charlie;BANANAS;SEASHELLS;4813.0;1
188300;Camilla;Paris;DIVING_GEAR;SEASHELLS;99704.0;1
188600;Pablo;Camilla;PEARLS;SEASHELLS;10002.0;3
189000;Charlie;Paris;PEARLS;SEASHELLS;9998.0;1
189100;Camilla;Paris;DIVING_GEAR;SEASHELLS;99733.0;1
189100;Charlie;Paris;PEARLS;SEASHELLS;9998.0;1
189100;Camilla;Paris;PEARLS;SEASHELLS;9998.0;1
189100;Camilla;Paris;BANANAS;SEASHELLS;4809.0;2
189700;Caesar;Caesar;PINA_COLADAS;SEASHELLS;14928.0;33
189700;Paris;Charlie;BANANAS;SEASHELLS;4812.0;1
189700;Caesar;Caesar;PINA_COLADAS;SEASHELLS;14928.0;3
189800;Paris;Caesar;PEARLS;SEASHELLS;10004.0;1
189800;Paris;Caesar;BANANAS;SEASHELLS;4813.0;1
189900;Paris;Charlie;BANANAS;SEASHELLS;4813.0;1
189900;Charlie;Paris;DIVING_GEAR;SEASHELLS;99754.0;2
190100;Camilla;Paris;BERRIES;SEASHELLS;3867.0;6
190300;Caesar;Paris;BANANAS;SEASHELLS;4808.0;1
190300;Gary;Charlie;BANANAS;SEASHELLS;4814.0;18
190500;Camilla;Penelope;BANANAS;SEASHELLS;4809.0;4
190900;Paris;Charlie;BANANAS;SEASHELLS;4814.0;1
191000;Camilla;Camilla;DIVING_GEAR;SEASHELLS;99761.0;2
191500;Camilla;Pablo;BANANAS;SEASHELLS;4811.0;1
191900;Paris;Camilla;DIVING_GEAR;SEASHELLS;99765.0;3
192100;Camilla;Paris;BANANAS;SEASHELLS;4812.0;1
192200;Paris;Charlie;BANANAS;SEASHELLS;4817.0;1
192300;Charlie;Gina;BANANAS;SEASHELLS;4812.0;7
192300;Penelope;Camilla;BERRIES;SEASHELLS;3875.0;12
192300;Caesar;Gina;BANANAS;SEASHELLS;4812.0;2
192500;Charlie;Gary;BANANAS;SEASHELLS;4811.0;19
192800;Caesar;Paris;PEARLS;SEASHELLS;9998.0;1
193200;Paris;Charlie;PEARLS;SEASHELLS;10002.0;1
193200;Paris;Charlie;BANANAS;SEASHELLS;4817.0;1
193300;Camilla;Pablo;PEARLS;SEASHELLS;9998.0;4
193400;Paris;Charlie;PEARLS;SEASHELLS;10002.0;1
193700;Charlie;Paris;PEARLS;SEASHELLS;9998.0;1
193900;Charlie;Camilla;DIVING_GEAR;SEASHELLS;99791.0;2
194000;Paris;Charlie;PEARLS;SEASHELLS;10002.0;1
194000;Paris;Charlie;BANANAS;SEASHELLS;4815.0;1
194100;Charlie;Paris;BANANAS;SEASHELLS;4810.0;1
194200;Penelope;Charlie;BANANAS;SEASHELLS;4816.0;9
194200;Paris;Charlie;BANANAS;SEASHELLS;4815.0;1
194400;Camilla;Camilla;DIVING_GEAR;SEASHELLS;99781.0;1
194600;Peter;Caesar;COCONUTS;SEASHELLS;7932.0;8
194700;Paris;Charlie;BANANAS;SEASHELLS;4817.0;2
194700;Paris;Charlie;PEARLS;SEASHELLS;10005.0;2
194900;Paris;Caesar;PEARLS;SEASHELLS;10002.0;1
195500;Camilla;Camilla;DIVING_GEAR;SEASHELLS;99792.0;1
195700;Charlie;Paris;BANANAS;SEASHELLS;4811.0;1
195700;Charlie;Paris;DIVING_GEAR;SEASHELLS;99804.0;2
196300;Charlie;Camilla;DIVING_GEAR;SEASHELLS;99790.0;1
196400;Caesar;Paris;BANANAS;SEASHELLS;4811.0;1
197200;Caesar;Paris;BANANAS;SEASHELLS;4810.0;1
197300;Penelope;Caesar;BANANAS;SEASHELLS;4815.0;1
197300;Penelope;Charlie;BANANAS;SEASHELLS;4815.0;5
197400;Camilla;Pablo;PEARLS;SEASHELLS;9998.0;4
197400;Camilla;Paris;BANANAS;SEASHELLS;4810.0;1
197800;Caesar;Penelope;PEARLS;SEASHELLS;10000.0;3
197800;Pablo;Camilla;PEARLS;SEASHELLS;10002.0;2
198200;Caesar;Pablo;BANANAS;SEASHELLS;4812.0;4
198300;Charlie;Pablo;BANANAS;SEASHELLS;4812.0;4
198300;Camilla;Paris;DIVING_GEAR;SEASHELLS;99787.0;2
198600;Camilla;Paris;BERRIES;SEASHELLS;3862.0;4
198800;Charlie;Penelope;BANANAS;SEASHELLS;4811.0;5
198800;Caesar;Penelope;BANANAS;SEASHELLS;4811.0;1
198800;Camilla;Paris;BERRIES;SEASHELLS;3862.0;1
199000;Paris;Charlie;BANANAS;SEASHELLS;4818.0;1
199000;Paris;Caesar;PEARLS;SEASHELLS;10004.0;1
199300;Paris;Camilla;BANANAS;SEASHELLS;4816.0;1
199700;Paris;Caesar;PEARLS;SEASHELLS;10004.0;2
199700;Paris;Charlie;BANANAS;SEASHELLS;4818.0;2
199900;Camilla;Paris;DIVING_GEAR;SEASHELLS;99786.0;2
200100;Charlie;Penelope;BANANAS;SEASHELLS;4812.0;4
200600;Paris;Charlie;BANANAS;SEASHELLS;4819.0;2
200600;Paris;Caesar;PEARLS;SEASHELLS;10004.0;2
200700;Charlie;Peter;COCONUTS;SEASHELLS;7929.0;10
200800;Caesar;Caesar;COCONUTS;SEASHELLS;7930.0;61
200800;Penelope;Caesar;PEARLS;SEASHELLS;10004.0;2
200800;Penelope;Charlie;PEARLS;SEASHELLS;10004.0;6
200800;Paris;Camilla;DIVING_GEAR;SEASHELLS;99777.0;1
201100;Peter;Charlie;COCONUTS;SEASHELLS;7934.0;8
201300;Pablo;Charlie;PEARLS;SEASHELLS;10002.0;5
201300;Paris;Charlie;PEARLS;SEASHELLS;10002.0;1
201300;Camilla;Paris;BERRIES;SEASHELLS;3868.0;2
201300;Charlie;Paris;BANANAS;SEASHELLS;4812.0;1
201600;Camilla;Paris;BERRIES;SEASHELLS;3867.0;2
201700;Paris;Charlie;PEARLS;SEASHELLS;10005.0;1
201700;Paris;Charlie;BANANAS;SEASHELLS;4817.0;1
201700;Paris;Charlie;BANANAS;SEASHELLS;4819.0;1
202100;Charlie;Paris;BANANAS;SEASHELLS;4814.0;1
202300;Caesar;Paris;BANANAS;SEASHELLS;4814.0;1
202400;Paris;Charlie;PEARLS;SEASHELLS;10002.0;1
203000;Paris;Charlie;PEARLS;SEASHELLS;10002.0;1
203100;Gary;Camilla;BERRIES;SEASHELLS;3874.0;15
203200;Charlie;Caesar;BANANAS;SEASHELLS;4817.0;1
203200;Paris;Camilla;DIVING_GEAR;SEASHELLS;99806.0;2
203300;Charlie;Paris;PEARLS;SEASHELLS;9998.0;1
203300;Charlie;Paris;BANANAS;SEASHELLS;4815.0;1
203400;Charlie;Penelope;BANANAS;SEASHELLS;4815.0;11
203400;Caesar;Penelope;BANANAS;SEASHELLS;4815.0;1
203700;Paris;Charlie;PEARLS;SEASHELLS;10002.0;1
203700;Paris;Caesar;PEARLS;SEASHELLS;10004.0;1
203700;Paris;Charlie;BANANAS;SEASHELLS;4822.0;1
203800;Penelope;Camilla;BERRIES;SEASHELLS;3874.0;14
204200;Charlie;Caesar;BANANAS;SEASHELLS;4819.0;2
204300;Penelope;Charlie;PEARLS;SEASHELLS;10005.0;6
204400;Penelope;Charlie;PEARLS;SEASHELLS;10004.0;6
204400;Penelope;Caesar;PEARLS;SEASHELLS;10004.0;2
204500;Pablo;Charlie;PEARLS;SEASHELLS;10002.0;4
204900;Paris;Charlie;DIVING_GEAR;SEASHELLS;99813.0;3
205100;Camilla;Paris;PEARLS;SEASHELLS;9998.0;1
205300;Caesar;Paris;PEARLS;SEASHELLS;9996.0;1
205300;Charlie;Paris;BANANAS;SEASHELLS;4817.0;1
205400;Charlie;Paris;BANANAS;SEASHELLS;4816.0;1
205600;Caesar;Paris;PEARLS;SEASHELLS;9998.0;1
205700;Paris;Charlie;PEARLS;SEASHELLS;10005.0;1
205700;Paris;Charlie;BANANAS;SEASHELLS;4822.0;1
205800;Paris;Charlie;PEARLS;SEASHELLS;10002.0;1
206100;Charlie;Camilla;DIVING_GEAR;SEASHELLS;99813.0;2
206100;Paris;Charlie;BANANAS;SEASHELLS;4821.0;1
206500;Paris;Charlie;BANANAS;SEASHELLS;4822.0;1
206500;Paris;Caesar;PEARLS;SEASHELLS;10004.0;1
206600;Caesar;Caesar;PINA_COLADAS;SEASHELLS;14918.0;24
206600;Charlie;Paris;PEARLS;SEASHELLS;9998.0;1
206700;Camilla;Penelope;PEARLS;SEASHELLS;9998.0;3
206800;Pablo;Caesar;PINA_COLADAS;SEASHELLS;14919.0;12
206800;Paris;Charlie;BANANAS;SEASHELLS;4820.0;1
206900;Camilla;Paris;PEARLS;SEASHELLS;9998.0;1
207000;Caesar;Peter;PINA_COLADAS;SEASHELLS;14918.0;4
207100;Charlie;Paris;BANANAS;SEASHELLS;4815.0;2
207100;Paris;Camilla;BANANAS;SEASHELLS;4820.0;1
207100;Caesar;Paris;PEARLS;SEASHELLS;9996.0;2
207300;Paris;Charlie;PEARLS;SEASHELLS;10002.0;1
207600;Camilla;Paris;BERRIES;SEASHELLS;3866.0;1
207700;Caesar;Paris;PEARLS;SEASHELLS;9996.0;1
207700;Charlie;Paris;BANANAS;SEASHELLS;4816.0;1
207800;Camilla;Paris;PEARLS;SEASHELLS;9998.0;1
208100;Penelope;Charlie;BANANAS;SEASHELLS;4822.0;2
208100;Camilla;Pablo;BANANAS;SEASHELLS;4816.0;2
208300;Penelope;Camilla;BERRIES;SEASHELLS;3874.0;12
208600;Paris;Camilla;BANANAS;SEASHELLS;4819.0;2
208600;Paris;Camilla;PEARLS;SEASHELLS;10002.0;2
209000;Camilla;Penelope;BERRIES;SEASHELLS;3868.0;14
209300;Caesar;Penelope;PEARLS;SEASHELLS;9996.0;1
209500;Camilla;Paris;PEARLS;SEASHELLS;9998.0;1
209500;Penelope;Camilla;BERRIES;SEASHELLS;3874.0;12
209500;Camilla;Paris;BANANAS;SEASHELLS;4814.0;1
210100;Penelope;Charlie;BANANAS;SEASHELLS;4820.0;10
210100;Camilla;Pablo;PEARLS;SEASHELLS;9998.0;1
210300;Gina;Camilla;PEARLS;SEASHELLS;10002.0;8
210300;Gina;Charlie;PEARLS;SEASHELLS;10002.0;3
210300;Gina;Camilla;BANANAS;SEASHELLS;4818.0;8
210300;Gina;Charlie;BANANAS;SEASHELLS;4818.0;3
210400;Paris;Camilla;BERRIES;SEASHELLS;3874.0;5
210500;Charlie;Camilla;DIVING_GEAR;SEASHELLS;99935.0;3
210600;Penelope;Camilla;PEARLS;SEASHELLS;10002.0;7
210700;Paris;Charlie;BANANAS;SEASHELLS;4821.0;1
210700;Paris;Caesar;PEARLS;SEASHELLS;10000.0;1
210800;Paris;Charlie;DIVING_GEAR;SEASHELLS;99936.0;1
210900;Paris;Camilla;BANANAS;SEASHELLS;4819.0;1
211100;Penelope;Charlie;BANANAS;SEASHELLS;4821.0;3
211100;Camilla;Paris;BANANAS;SEASHELLS;4814.0;1
211100;Peter;Caesar;PINA_COLADAS;SEASHELLS;14908.0;2
211200;Camilla;Paris;BANANAS;SEASHELLS;4815.0;2
211200;Camilla;Paris;PEARLS;SEASHELLS;9998.0;2
211300;Charlie;Peter;COCONUTS;SEASHELLS;7927.0;10
211500;Paris;Charlie;BANANAS;SEASHELLS;4819.0;1
211500;Camilla;Paris;PEARLS;SEASHELLS;9998.0;1
211700;Camilla;Camilla;DIVING_GEAR;SEASHELLS;99915.0;3
211700;Camilla;Paris;BANANAS;SEASHELLS;4813.0;1
211800;Paris;Charlie;BANANAS;SEASHELLS;4818.0;1
211900;Charlie;Gary;BANANAS;SEASHELLS;4813.0;18
211900;Gary;Camilla;BERRIES;SEASHELLS;3875.0;11
212000;Charlie;Paris;PEARLS;SEASHELLS;9998.0;1
212200;Gary;Peter;BERRIES;SEASHELLS;3870.0;1
212300;Camilla;Paris;PEARLS;SEASHELLS;9998.0;1
212300;Camilla;Paris;BANANAS;SEASHELLS;4814.0;1
212500;Paris;Charlie;BANANAS;SEASHELLS;4819.0;1
212800;Caesar;Caesar;COCONUTS;SEASHELLS;7923.0;73
212800;Paris;Charlie;DIVING_GEAR;SEASHELLS;99922.0;2
212900;Charlie;Paris;BANANAS;SEASHELLS;4813.0;1
213100;Caesar;Paris;PEARLS;SEASHELLS;9996.0;1
213100;Caesar;Paris;BANANAS;SEASHELLS;4813.0;1
213200;Pablo;Caesar;COCONUTS;SEASHELLS;7924.0;21
213200;Pablo;Paris;BANANAS;SEASHELLS;4817.0;1
213200;Pablo;Charlie;BANANAS;SEASHELLS;4817.0;1
213400;Charlie;Paris;PEARLS;SEASHELLS;9998.0;1
213500;Pablo;Charlie;PEARLS;SEASHELLS;10002.0;2
213600;Charlie;Paris;BANANAS;SEASHELLS;4813.0;1
213800;Pablo;Caesar;PINA_COLADAS;SEASHELLS;14909.0;7
213900;Paris;Charlie;BANANAS;SEASHELLS;4819.0;1
213900;Pablo;Caesar;COCONUTS;SEASHELLS;7927.0;13
213900;Charlie;Paris;PEARLS;SEASHELLS;9998.0;1
214100;Paris;Charlie;BANANAS;SEASHELLS;4818.0;1
214400;Charlie;Pablo;COCONUTS;SEASHELLS;7923.0;30
215300;Paris;Camilla;BERRIES;SEASHELLS;3874.0;1
215400;Peter;Caesar;PINA_COLADAS;SEASHELLS;14913.0;2
215500;Paris;Camilla;DIVING_GEAR;SEASHELLS;99946.0;3
216100;Charlie;Pablo;PINA_COLADAS;SEASHELLS;14910.0;6
216300;Pablo;Caesar;PEARLS;SEASHELLS;10002.0;3
216500;Caesar;Caesar;COCONUTS;SEASHELLS;7922.0;72
216600;Charlie;Paris;BANANAS;SEASHELLS;4812.0;1
216700;Paris;Camilla;DIVING_GEAR;SEASHELLS;99958.0;2
217300;Charlie;Camilla;DIVING_GEAR;SEASHELLS;99978.0;3
217400;Charlie;Paris;BANANAS;SEASHELLS;4812.0;1
217500;Penelope;Caesar;PEARLS;SEASHELLS;10004.0;2
217500;Penelope;Charlie;PEARLS;SEASHELLS;10004.0;1
217600;Paris;Caesar;PEARLS;SEASHELLS;10004.0;1
217600;Paris;Caesar;BANANAS;SEASHELLS;4814.0;1
217700;Charlie;Paris;BANANAS;SEASHELLS;4812.0;1
217900;Paris;Charlie;DIVING_GEAR;SEASHELLS;99971.0;1
218100;Charlie;Paris;BANANAS;SEASHELLS;4813.0;1
218600;Camilla;Gary;PEARLS;SEASHELLS;9998.0;3
218600;Caesar;Caesar;COCONUTS;SEASHELLS;7920.0;66
218700;Camilla;Camilla;DIVING_GEAR;SEASHELLS;99977.0;2
218900;Pablo;Charlie;BANANAS;SEASHELLS;4814.0;2
219000;Paris;Charlie;PEARLS;SEASHELLS;10005.0;1
219000;Paris;Camilla;BANANAS;SEASHELLS;4814.0;1
219000;Gary;Camilla;PEARLS;SEASHELLS;10002.0;9
219400;Paris;Camilla;BANANAS;SEASHELLS;4815.0;1
219500;Charlie;Pablo;BANANAS;SEASHELLS;4811.0;2
220100;Paris;Charlie;PEARLS;SEASHELLS;10002.0;1
220400;Penelope;Charlie;BANANAS;SEASHELLS;4816.0;12
220500;Gary;Caesar;PEARLS;SEASHELLS;10004.0;2
220500;Gary;Charlie;PEARLS;SEASHELLS;10004.0;8
220500;Penelope;Charlie;BANANAS;SEASHELLS;4816.0;2
220500;Paris;Camilla;DIVING_GEAR;SEASHELLS;99966.0;1
220600;Paris;Camilla;BERRIES;SEASHELLS;3878.0;2
220800;Charlie;Gary;BANANAS;SEASHELLS;4809.0;12
220900;Pablo;Camilla;BANANAS;SEASHELLS;4814.0;1
221200;Charlie;Penelope;PEARLS;SEASHELLS;9995.0;6
221300;Paris;Caesar;PEARLS;SEASHELLS;10004.0;1
221300;Paris;Charlie;BANANAS;SEASHELLS;4817.0;1
221400;Paris;Charlie;PEARLS;SEASHELLS;10002.0;1
221800;Paris;Camilla;BANANAS;SEASHELLS;4814.0;1
221800;Paris;Camilla;PEARLS;SEASHELLS;10002.0;1
221900;Charlie;Paris;BANANAS;SEASHELLS;4809.0;1
222400;Charlie;Paris;BANANAS;SEASHELLS;4808.0;1
222500;Pablo;Charlie;PEARLS;SEASHELLS;10002.0;1
222500;Pablo;Paris;PEARLS;SEASHELLS;10002.0;2
222500;Charlie;Paris;BANANAS;SEASHELLS;4808.0;2
222700;Camilla;Paris;BANANAS;SEASHELLS;4809.0;1
222900;Paris;Charlie;PEARLS;SEASHELLS;10002.0;1
222900;Paris;Camilla;BERRIES;SEASHELLS;3879.0;7
223000;Camilla;Penelope;BANANAS;SEASHELLS;4810.0;3
223000;Charlie;Penelope;BANANAS;SEASHELLS;4810.0;8
223100;Charlie;Paris;BANANAS;SEASHELLS;4810.0;1
223300;Charlie;Paris;BANANAS;SEASHELLS;4810.0;1
223400;Paris;Camilla;PEARLS;SEASHELLS;10002.0;2
223400;Paris;Camilla;BANANAS;SEASHELLS;4814.0;2
223500;Charlie;Pablo;PINA_COLADAS;SEASHELLS;14872.0;13
223700;Caesar;Paris;BANANAS;SEASHELLS;4809.0;1
223700;Penelope;Charlie;PEARLS;SEASHELLS;10004.0;5
223700;Penelope;Caesar;PEARLS;SEASHELLS;10004.0;1
223700;Paris;Pablo;BANANAS;SEASHELLS;4810.0;1
223700;Paris;Charlie;PEARLS;SEASHELLS;10005.0;2
224100;Paris;Charlie;PEARLS;SEASHELLS;10002.0;1
224200;Paris;Charlie;PEARLS;SEASHELLS;10002.0;1
224500;Paris;Charlie;BANANAS;SEASHELLS;4814.0;1
224600;Penelope;Camilla;PEARLS;SEASHELLS;10002.0;4
224900;Camilla;Camilla;DIVING_GEAR;SEASHELLS;100036.0;2
225000;Paris;Pablo;BANANAS;SEASHELLS;4812.0;1
225000;Caesar;Pablo;BANANAS;SEASHELLS;4812.0;1
225200;Pablo;Charlie;PEARLS;SEASHELLS;10002.0;1
225300;Charlie;Pablo;PEARLS;SEASHELLS;9998.0;3
225400;Camilla;Paris;PEARLS;SEASHELLS;9998.0;1
225400;Caesar;Paris;BANANAS;SEASHELLS;4811.0;1
225400;Camilla;Paris;BANANAS;SEASHELLS;4811.0;1
225600;Charlie;Pablo;COCONUTS;SEASHELLS;7924.0;21
225600;Charlie;Paris;PEARLS;SEASHELLS;9998.0;1
225900;Charlie;Camilla;DIVING_GEAR;SEASHELLS;100036.0;3
226000;Caesar;Caesar;PINA_COLADAS;SEASHELLS;14886.0;29
226100;Camilla;Charlie;DIVING_GEAR;SEASHELLS;100026.0;1
226600;Gary;Charlie;PEARLS;SEASHELLS;10004.0;8
226600;Pablo;Paris;BERRIES;SEASHELLS;3873.0;3
226600;Gary;Caesar;PEARLS;SEASHELLS;10004.0;1
226600;Pablo;Peter;BERRIES;SEASHELLS;3873.0;1
226700;Camilla;Paris;BERRIES;SEASHELLS;3870.0;10
226800;Charlie;Paris;BANANAS;SEASHELLS;4810.0;1
226800;Charlie;Paris;PEARLS;SEASHELLS;9998.0;1
227100;Paris;Camilla;BERRIES;SEASHELLS;3877.0;1
227300;Charlie;Paris;BANANAS;SEASHELLS;4809.0;1
227500;Paris;Camilla;PEARLS;SEASHELLS;10002.0;1
227600;Gina;Charlie;BANANAS;SEASHELLS;4813.0;13
227600;Pablo;Paris;PEARLS;SEASHELLS;10002.0;1
227600;Pablo;Charlie;PEARLS;SEASHELLS;10002.0;4
227800;Caesar;Penelope;PEARLS;SEASHELLS;9996.0;2
227800;Charlie;Penelope;PEARLS;SEASHELLS;9996.0;1
227900;Paris;Camilla;PEARLS;SEASHELLS;10002.0;1
228000;Peter;Pablo;BERRIES;SEASHELLS;3873.0;3
228000;Charlie;Penelope;BANANAS;SEASHELLS;4809.0;3
228200;Pablo;Charlie;BANANAS;SEASHELLS;4814.0;1
228300;Paris;Camilla;BERRIES;SEASHELLS;3878.0;4
228700;Pablo;Charlie;BANANAS;SEASHELLS;4814.0;3
228800;Charlie;Paris;BANANAS;SEASHELLS;4811.0;1
228900;Charlie;Penelope;PEARLS;SEASHELLS;9995.0;2
229100;Charlie;Pablo;BANANAS;SEASHELLS;4811.0;3
229200;Paris;Charlie;PEARLS;SEASHELLS;10002.0;1
229700;Caesar;Paris;PEARLS;SEASHELLS;9996.0;1
229700;Charlie;Paris;BANANAS;SEASHELLS;4808.0;1
229900;Camilla;Paris;PEARLS;SEASHELLS;9998.0;1
230000;Charlie;Paris;BANANAS;SEASHELLS;4808.0;1
230200;Caesar;Paris;PEARLS;SEASHELLS;9996.0;1
230200;Charlie;Paris;BANANAS;SEASHELLS;4807.0;1
230300;Paris;Charlie;PEARLS;SEASHELLS;10002.0;1
230400;Charlie;Paris;PEARLS;SEASHELLS;9998.0;1
230600;Paris;Camilla;BANANAS;SEASHELLS;4812.0;1
230800;Camilla;Paris;BANANAS;SEASHELLS;4808.0;1
231200;Paris;Charlie;BANANAS;SEASHELLS;4813.0;1
231200;Paris;Charlie;PEARLS;SEASHELLS;10005.0;1
231500;Charlie;Penelope;BANANAS;SEASHELLS;4806.0;12
232400;Camilla;Camilla;DIVING_GEAR;SEASHELLS;100069.0;1
232500;Penelope;Camilla;BERRIES;SEASHELLS;3875.0;13
232700;Camilla;Paris;BANANAS;SEASHELLS;4805.0;1
232700;Penelope;Caesar;PEARLS;SEASHELLS;10004.0;1
232900;Charlie;Peter;COCONUTS;SEASHELLS;7914.0;9
233000;Paris;Charlie;DIVING_GEAR;SEASHELLS;100069.0;1
233000;Paris;Charlie;BANANAS;SEASHELLS;4812.0;1
233000;Gary;Charlie;BANANAS;SEASHELLS;4813.0;18
233100;Penelope;Charlie;BANANAS;SEASHELLS;4813.0;11
233500;Paris;Charlie;BANANAS;SEASHELLS;4811.0;1
233500;Camilla;Paris;BERRIES;SEASHELLS;3865.0;10
233600;Paris;Camilla;DIVING_GEAR;SEASHELLS;100058.0;3
233700;Charlie;Paris;PEARLS;SEASHELLS;9998.0;1
233900;Charlie;Peter;COCONUTS;SEASHELLS;7913.0;8
234000;Camilla;Paris;DIVING_GEAR;SEASHELLS;100020.0;2
234000;Penelope;Charlie;BANANAS;SEASHELLS;4810.0;10
234100;Paris;Charlie;BANANAS;SEASHELLS;4810.0;2
234100;Paris;Charlie;PEARLS;SEASHELLS;10005.0;2
234300;Paris;Caesar;PEARLS;SEASHELLS;10004.0;1
234300;Paris;Charlie;BANANAS;SEASHELLS;4809.0;1
234400;Charlie;Paris;PEARLS;SEASHELLS;9998.0;1
234600;Charlie;Pablo;BANANAS;SEASHELLS;4803.0;1
234800;Peter;Charlie;COCONUTS;SEASHELLS;7916.0;8
235000;Paris;Charlie;PEARLS;SEASHELLS;10005.0;2
235000;Charlie;Penelope;BANANAS;SEASHELLS;4802.0;9
235000;Paris;Charlie;BANANAS;SEASHELLS;4809.0;2
235300;Charlie;Paris;PEARLS;SEASHELLS;9998.0;1
235400;Paris;Caesar;BANANAS;SEASHELLS;4809.0;1
235400;Paris;Caesar;PEARLS;SEASHELLS;10004.0;1
235700;Camilla;Pablo;PEARLS;SEASHELLS;9998.0;4
235700;Camilla;Penelope;BANANAS;SEASHELLS;4804.0;8
235800;Paris;Caesar;BANANAS;SEASHELLS;4807.0;1
235900;Camilla;Camilla;DIVING_GEAR;SEASHELLS;99970.0;1
235900;Pablo;Charlie;PEARLS;SEASHELLS;10002.0;1
236000;Paris;Penelope;PEARLS;SEASHELLS;10002.0;1
236100;Caesar;Paris;BANANAS;SEASHELLS;4803.0;1
236100;Pablo;Charlie;PEARLS;SEASHELLS;10002.0;1
236200;Camilla;Gary;BERRIES;SEASHELLS;3865.0;10
236300;Charlie;Paris;BANANAS;SEASHELLS;4803.0;1
236700;Penelope;Caesar;PEARLS;SEASHELLS;10004.0;2
237400;Charlie;Pablo;BANANAS;SEASHELLS;4804.0;5
237500;Paris;Charlie;PEARLS;SEASHELLS;10005.0;1
237500;Paris;Charlie;BANANAS;SEASHELLS;4810.0;1
237600;Charlie;Peter;COCONUTS;SEASHELLS;7918.0;6
237900;Charlie;Pablo;BANANAS;SEASHELLS;4805.0;4
238000;Caesar;Caesar;PINA_COLADAS;SEASHELLS;14898.0;27
238200;Camilla;Gary;BERRIES;SEASHELLS;3862.0;11
238300;Caesar;Paris;PEARLS;SEASHELLS;10000.0;2
238300;Caesar;Paris;BANANAS;SEASHELLS;4806.0;2
238500;Paris;Charlie;PEARLS;SEASHELLS;10002.0;1
238600;Charlie;Pablo;PEARLS;SEASHELLS;9998.0;2
238900;Charlie;Paris;BANANAS;SEASHELLS;4804.0;1
238900;Charlie;Paris;PEARLS;SEASHELLS;9998.0;1
239600;Paris;Caesar;PEARLS;SEASHELLS;10002.0;1
239900;Paris;Camilla;DIVING_GEAR;SEASHELLS;99987.0;3
240100;Paris;Camilla;BERRIES;SEASHELLS;3869.0;4
240100;Charlie;Pablo;COCONUTS;SEASHELLS;7919.0;10
240300;Charlie;Paris;BANANAS;SEASHELLS;4804.0;1
241300;Paris;Charlie;BANANAS;SEASHELLS;4811.0;1
241300;Paris;Caesar;PEARLS;SEASHELLS;10004.0;1
241400;Caesar;Caesar;COCONUTS;SEASHELLS;7920.0;51
241700;Penelope;Charlie;BANANAS;SEASHELLS;4811.0;12
241700;Camilla;Penelope;BERRIES;SEASHELLS;3863.0;14
241800;Charlie;Camilla;DIVING_GEAR;SEASHELLS;99969.0;2
241900;Caesar;Paris;BANANAS;SEASHELLS;4805.0;1
242100;Gary;Charlie;BANANAS;SEASHELLS;4811.0;18
242100;Pablo;Caesar;COCONUTS;SEASHELLS;7921.0;12
242300;Charlie;Peter;COCONUTS;SEASHELLS;7919.0;7
242600;Caesar;Caesar;COCONUTS;SEASHELLS;7918.0;61
242600;Caesar;Caesar;COCONUTS;SEASHELLS;7918.0;13
242700;Camilla;Penelope;BERRIES;SEASHELLS;3863.0;15
242800;Caesar;Peter;PINA_COLADAS;SEASHELLS;14909.0;2
242900;Penelope;Camilla;BERRIES;SEASHELLS;3869.0;10
243000;Penelope;Charlie;BANANAS;SEASHELLS;4813.0;8
243000;Camilla;Pablo;BANANAS;SEASHELLS;4807.0;4
243000;Paris;Charlie;BANANAS;SEASHELLS;4813.0;2
243000;Paris;Caesar;PEARLS;SEASHELLS;10004.0;1
243000;Camilla;Paris;BANANAS;SEASHELLS;4807.0;1
243200;Caesar;Caesar;PINA_COLADAS;SEASHELLS;14911.0;21
243200;Charlie;Caesar;BANANAS;SEASHELLS;4808.0;1
243300;Penelope;Charlie;BANANAS;SEASHELLS;4813.0;4
243900;Charlie;Paris;BANANAS;SEASHELLS;4804.0;2
243900;Charlie;Paris;PEARLS;SEASHELLS;9995.0;2
244200;Peter;Charlie;COCONUTS;SEASHELLS;7927.0;5
244300;Charlie;Pablo;PEARLS;SEASHELLS;9998.0;3
244400;Pablo;Penelope;PEARLS;SEASHELLS;10002.0;3
244500;Paris;Camilla;BANANAS;SEASHELLS;4811.0;1
244900;Paris;Pablo;BANANAS;SEASHELLS;4807.0;1
244900;Paris;Caesar;PEARLS;SEASHELLS;10004.0;1
245000;Charlie;Paris;PEARLS;SEASHELLS;9998.0;1
245100;Caesar;Gary;BANANAS;SEASHELLS;4806.0;2
245100;Charlie;Gary;BANANAS;SEASHELLS;4806.0;12
245300;Charlie;Paris;PEARLS;SEASHELLS;9996.0;1
245300;Caesar;Paris;PEARLS;SEASHELLS;9996.0;1
245300;Charlie;Paris;BANANAS;SEASHELLS;4806.0;2
245500;Pablo;Charlie;PEARLS;SEASHELLS;10002.0;1
245500;Charlie;Gina;BANANAS;SEASHELLS;4807.0;10
245600;Paris;Camilla;PEARLS;SEASHELLS;10002.0;1
245900;Camilla;Penelope;BERRIES;SEASHELLS;3862.0;12
246000;Charlie;Penelope;PEARLS;SEASHELLS;9996.0;3
246000;Caesar;Penelope;PEARLS;SEASHELLS;9996.0;2
246100;Paris;Charlie;PEARLS;SEASHELLS;10005.0;2
246100;Paris;Charlie;BANANAS;SEASHELLS;4814.0;2
246100;Charlie;Pablo;PINA_COLADAS;SEASHELLS;14899.0;7
246600;Pablo;Charlie;PEARLS;SEASHELLS;10002.0;4
246600;Gary;Charlie;BANANAS;SEASHELLS;4816.0;17
247200;Caesar;Caesar;COCONUTS;SEASHELLS;7923.0;71
247400;Paris;Camilla;BERRIES;SEASHELLS;3867.0;7
247600;Paris;Penelope;BANANAS;SEASHELLS;4814.0;1
247900;Paris;Camilla;BERRIES;SEASHELLS;3867.0;6
248000;Peter;Charlie;PINA_COLADAS;SEASHELLS;14904.0;5
248400;Charlie;Paris;PEARLS;SEASHELLS;9998.0;1
248400;Camilla;Paris;DIVING_GEAR;SEASHELLS;100038.0;1
248400;Penelope;Camilla;BERRIES;SEASHELLS;3869.0;14
248800;Charlie;Paris;BANANAS;SEASHELLS;4809.0;2
248800;Charlie;Paris;PEARLS;SEASHELLS;9995.0;2
249200;Camilla;Paris;BANANAS;SEASHELLS;4810.0;2
249200;Peter;Caesar;COCONUTS;SEASHELLS;7924.0;5
249200;Paris;Paris;PEARLS;SEASHELLS;10002.0;1
249300;Charlie;Paris;BANANAS;SEASHELLS;4809.0;1
249500;Charlie;Paris;BANANAS;SEASHELLS;4809.0;1
249600;Charlie;Paris;DIVING_GEAR;SEASHELLS;100075.0;2
249600;Paris;Camilla;PEARLS;SEASHELLS;10002.0;2
249600;Paris;Camilla;BANANAS;SEASHELLS;4814.0;2
249700;Paris;Caesar;PEARLS;SEASHELLS;10002.0;1
249900;Paris;Paris;BANANAS;SEASHELLS;4815.0;1
249900;Charlie;Paris;PEARLS;SEASHELLS;9995.0;1
250100;Charlie;Paris;BANANAS;SEASHELLS;4810.0;1
250400;Caesar;Caesar;COCONUTS;SEASHELLS;7919.0;25
250400;Camilla;Paris;BANANAS;SEASHELLS;4811.0;1
250400;Caesar;Caesar;COCONUTS;SEASHELLS;7919.0;40
250400;Camilla;Paris;DIVING_GEAR;SEASHELLS;100101.0;1
250700;Caesar;Caesar;PINA_COLADAS;SEASHELLS;14884.0;26
250700;Charlie;Pablo;COCONUTS;SEASHELLS;7918.0;25
250900;Gina;Charlie;BANANAS;SEASHELLS;4816.0;11
251000;Paris;Charlie;PEARLS;SEASHELLS;10002.0;1
251200;Gary;Charlie;BANANAS;SEASHELLS;4818.0;7
251200;Gary;Camilla;BANANAS;SEASHELLS;4818.0;5
251300;Paris;Charlie;BANANAS;SEASHELLS;4819.0;1
251400;Gina;Paris;BANANAS;SEASHELLS;4813.0;1
251600;Paris;Charlie;BANANAS;SEASHELLS;4819.0;1
252000;Peter;Charlie;PINA_COLADAS;SEASHELLS;14888.0;5
252300;Paris;Camilla;BERRIES;SEASHELLS;3866.0;2
252500;Camilla;Paris;PEARLS;SEASHELLS;9998.0;1
252600;Charlie;Paris;PEARLS;SEASHELLS;9995.0;1
252600;Charlie;Peter;COCONUTS;SEASHELLS;7913.0;9
252600;Charlie;Paris;BANANAS;SEASHELLS;4813.0;1
253000;Paris;Caesar;PEARLS;SEASHELLS;10002.0;1
253300;Paris;Camilla;DIVING_GEAR;SEASHELLS;100085.0;1
253300;Camilla;Gary;BANANAS;SEASHELLS;4815.0;5
253300;Caesar;Gary;BANANAS;SEASHELLS;4815.0;2
253300;Charlie;Gary;BANANAS;SEASHELLS;4815.0;8
253400;Gary;Caesar;PEARLS;SEASHELLS;10000.0;5
253500;Charlie;Paris;BANANAS;SEASHELLS;4815.0;1
253800;Pablo;Charlie;PEARLS;SEASHELLS;10002.0;3
253800;Camilla;Pablo;BANANAS;SEASHELLS;4816.0;4
254000;Charlie;Pablo;PEARLS;SEASHELLS;9998.0;2
254100;Paris;Camilla;DIVING_GEAR;SEASHELLS;100096.0;1
254200;Paris;Camilla;BANANAS;SEASHELLS;4820.0;1
254200;Paris;Camilla;PEARLS;SEASHELLS;10002.0;1
254400;Charlie;Pablo;BANANAS;SEASHELLS;4816.0;3
254500;Pablo;Charlie;PEARLS;SEASHELLS;10002.0;1
254600;Paris;Camilla;BERRIES;SEASHELLS;3867.0;5
254600;Charlie;Camilla;DIVING_GEAR;SEASHELLS;100090.0;1
254700;Paris;Camilla;BANANAS;SEASHELLS;4821.0;2
254700;Paris;Camilla;PEARLS;SEASHELLS;10002.0;2
254900;Paris;Pablo;BANANAS;SEASHELLS;4818.0;1
254900;Charlie;Pablo;BANANAS;SEASHELLS;4818.0;4
254900;Camilla;Paris;BERRIES;SEASHELLS;3861.0;1
255600;Caesar;Caesar;PINA_COLADAS;SEASHELLS;14867.0;24
255600;Charlie;Paris;BANANAS;SEASHELLS;4817.0;2
255600;Gina;Paris;PEARLS;SEASHELLS;10002.0;2
255600;Charlie;Paris;BANANAS;SEASHELLS;4817.0;1
255800;Paris;Camilla;PEARLS;SEASHELLS;10002.0;1
256100;Caesar;Pablo;COCONUTS;SEASHELLS;7908.0;24
256100;Paris;Charlie;PEARLS;SEASHELLS;10002.0;1
256200;Charlie;Paris;BANANAS;SEASHELLS;4818.0;1
256500;Paris;Camilla;DIVING_GEAR;SEASHELLS;100057.0;3
256600;Caesar;Peter;PINA_COLADAS;SEASHELLS;14861.0;3
256900;Penelope;Camilla;BERRIES;SEASHELLS;3866.0;10
257100;Camilla;Paris;BANANAS;SEASHELLS;4819.0;1
257100;Camilla;Paris;BANANAS;SEASHELLS;4820.0;1
257100;Camilla;Paris;PEARLS;SEASHELLS;9998.0;1
257400;Paris;Caesar;PEARLS;SEASHELLS;10002.0;1
257500;Peter;Caesar;PINA_COLADAS;SEASHELLS;14864.0;3
257500;Charlie;Peter;COCONUTS;SEASHELLS;7907.0;8
257700;Paris;Charlie;BANANAS;SEASHELLS;4825.0;1
257700;Paris;Caesar;PEARLS;SEASHELLS;10004.0;1
258000;Penelope;Camilla;PEARLS;SEASHELLS;10002.0;2
258200;Charlie;Camilla;DIVING_GEAR;SEASHELLS;100071.0;1
258300;Charlie;Paris;PEARLS;SEASHELLS;9998.0;1
258400;Charlie;Paris;BANANAS;SEASHELLS;4819.0;1
258600;Charlie;Paris;DIVING_GEAR;SEASHELLS;100070.0;2
258700;Peter;Charlie;COCONUTS;SEASHELLS;7912.0;9
258800;Paris;Camilla;DIVING_GEAR;SEASHELLS;100074.0;1
259300;Charlie;Paris;PEARLS;SEASHELLS;9998.0;1
259800;Caesar;Paris;BANANAS;SEASHELLS;4817.0;1
260000;Peter;Charlie;COCONUTS;SEASHELLS;7913.0;9
260100;Caesar;Gary;BANANAS;SEASHELLS;4820.0;6
260300;Paris;Charlie;BANANAS;SEASHELLS;4823.0;1
260300;Charlie;Paris;PEARLS;SEASHELLS;9998.0;1
260300;Charlie;Paris;DIVING_GEAR;SEASHELLS;100070.0;1
260600;Charlie;Paris;BANANAS;SEASHELLS;4818.0;1
260900;Caesar;Caesar;PINA_COLADAS;SEASHELLS;14878.0;32
260900;Charlie;Paris;DIVING_GEAR;SEASHELLS;100061.0;3
261000;Camilla;Paris;PEARLS;SEASHELLS;9998.0;1
261000;Paris;Charlie;BANANAS;SEASHELLS;4822.0;1
261200;Charlie;Penelope;PEARLS;SEASHELLS;9995.0;4
261200;Charlie;Pablo;BANANAS;SEASHELLS;4819.0;2
261500;Paris;Charlie;BANANAS;SEASHELLS;4823.0;1
261900;Camilla;Camilla;DIVING_GEAR;SEASHELLS;100075.0;1
262000;Pablo;Charlie;PEARLS;SEASHELLS;10002.0;5
262300;Charlie;Penelope;BANANAS;SEASHELLS;4817.0;7
262500;Camilla;Gary;BERRIES;SEASHELLS;3857.0;16
262800;Paris;Camilla;PEARLS;SEASHELLS;10002.0;1
262800;Paris;Camilla;BANANAS;SEASHELLS;4822.0;1
263100;Camilla;Pablo;PEARLS;SEASHELLS;9998.0;1
263100;Camilla;Penelope;BERRIES;SEASHELLS;3856.0;11
263100;Paris;Charlie;BANANAS;SEASHELLS;4823.0;1
263300;Charlie;Peter;COCONUTS;SEASHELLS;7911.0;10
263400;Paris;Camilla;BANANAS;SEASHELLS;4823.0;1
263500;Gina;Charlie;BANANAS;SEASHELLS;4823.0;7
263500;Caesar;Gina;PEARLS;SEASHELLS;9998.0;2
263500;Gina;Camilla;BANANAS;SEASHELLS;4823.0;2
263500;Charlie;Pablo;COCONUTS;SEASHELLS;7912.0;12
263700;Caesar;Peter;PINA_COLADAS;SEASHELLS;14878.0;3
264000;Peter;Caesar;COCONUTS;SEASHELLS;7914.0;6
264100;Paris;Charlie;DIVING_GEAR;SEASHELLS;100022.0;1
264100;Penelope;Camilla;PEARLS;SEASHELLS;10002.0;7
264100;Paris;Camilla;BANANAS;SEASHELLS;4823.0;1
264300;Paris;Paris;PEARLS;SEASHELLS;10002.0;1
264300;Charlie;Paris;BANANAS;SEASHELLS;4818.0;1
264400;Charlie;Paris;PEARLS;SEASHELLS;9998.0;1
264700;Gary;Camilla;BERRIES;SEASHELLS;3868.0;15
264800;Paris;Charlie;BANANAS;SEASHELLS;4823.0;1
264800;Paris;Charlie;PEARLS;SEASHELLS;10005.0;1
265100;Charlie;Paris;BANANAS;SEASHELLS;4817.0;1
265100;Camilla;Gary;BERRIES;SEASHELLS;3860.0;11
265200;Caesar;Gina;PEARLS;SEASHELLS;9998.0;4
265200;Camilla;Gina;PEARLS;SEASHELLS;9998.0;5
265400;Caesar;Caesar;PINA_COLADAS;SEASHELLS;14869.0;29
265500;Camilla;Paris;BANANAS;SEASHELLS;4817.0;1
265500;Camilla;Penelope;BANANAS;SEASHELLS;4817.0;6
265700;Pablo;Camilla;PEARLS;SEASHELLS;10002.0;1
265800;Paris;Charlie;BANANAS;SEASHELLS;4821.0;1
265900;Paris;Charlie;PEARLS;SEASHELLS;10002.0;1
266400;Camilla;Paris;BANANAS;SEASHELLS;4815.0;1
266400;Caesar;Caesar;COCONUTS;SEASHELLS;7904.0;51
266400;Caesar;Caesar;COCONUTS;SEASHELLS;7904.0;3
266600;Paris;Camilla;BERRIES;SEASHELLS;3869.0;6
266700;Caesar;Gina;BANANAS;SEASHELLS;4815.0;2
266700;Camilla;Gina;BANANAS;SEASHELLS;4815.0;6
267200;Paris;Charlie;BANANAS;SEASHELLS;4819.0;1
267800;Charlie;Paris;DIVING_GEAR;SEASHELLS;99946.0;3
267800;Peter;Charlie;COCONUTS;SEASHELLS;7906.0;10
268300;Charlie;Paris;DIVING_GEAR;SEASHELLS;99930.0;2
268500;Peter;Charlie;COCONUTS;SEASHELLS;7901.0;5
268600;Paris;Camilla;BERRIES;SEASHELLS;3870.0;3
268700;Gary;Charlie;PEARLS;SEASHELLS;10005.0;9
268800;Paris;Caesar;BANANAS;SEASHELLS;4821.0;1
268900;Peter;Caesar;PINA_COLADAS;SEASHELLS;14856.0;3
269000;Penelope;Charlie;BANANAS;SEASHELLS;4823.0;6
269100;Penelope;Camilla;BANANAS;SEASHELLS;4821.0;2
269100;Charlie;Paris;BANANAS;SEASHELLS;4817.0;1
269300;Camilla;Camilla;DIVING_GEAR;SEASHELLS;99927.0;3
269500;Charlie;Paris;DIVING_GEAR;SEASHELLS;99936.0;3
269500;Charlie;Peter;PINA_COLADAS;SEASHELLS;14849.0;5
269600;Camilla;Paris;PEARLS;SEASHELLS;9998.0;1
270000;Charlie;Gina;BANANAS;SEASHELLS;4818.0;8
270100;Charlie;Gina;BANANAS;SEASHELLS;4818.0;6
270100;Camilla;Gina;BANANAS;SEASHELLS;4818.0;3
270100;Peter;Charlie;PINA_COLADAS;SEASHELLS;14848.0;2
270300;Charlie;Gary;BANANAS;SEASHELLS;4819.0;20
270300;Charlie;Paris;BANANAS;SEASHELLS;4819.0;1
270400;Gina;Charlie;BANANAS;SEASHELLS;4824.0;7
270400;Charlie;Paris;PEARLS;SEASHELLS;9998.0;1
270400;Caesar;Caesar;COCONUTS;SEASHELLS;7897.0;1
270400;Caesar;Caesar;COCONUTS;SEASHELLS;7897.0;64
270700;Paris;Charlie;PEARLS;SEASHELLS;10002.0;1
270800;Penelope;Caesar;PEARLS;SEASHELLS;10004.0;2
270900;Camilla;Pablo;BANANAS;SEASHELLS;4821.0;1
270900;Charlie;Pablo;BANANAS;SEASHELLS;4821.0;1
271000;Paris;Camilla;BERRIES;SEASHELLS;3869.0;2
271200;Paris;Charlie;PEARLS;SEASHELLS;10002.0;1
271400;Caesar;Caesar;COCONUTS;SEASHELLS;7891.0;59
271400;Caesar;Caesar;COCONUTS;SEASHELLS;7891.0;16
271600;Charlie;Paris;DIVING_GEAR;SEASHELLS;99952.0;2
271600;Pablo;Charlie;PEARLS;SEASHELLS;10002.0;3
271800;Charlie;Peter;COCONUTS;SEASHELLS;7893.0;7
272200;Caesar;Caesar;COCONUTS;SEASHELLS;7893.0;42
272300;Charlie;Peter;PINA_COLADAS;SEASHELLS;14845.0;4
272500;Camilla;Camilla;DIVING_GEAR;SEASHELLS;99987.0;1
272500;Charlie;Paris;PEARLS;SEASHELLS;9998.0;1
272900;Caesar;Paris;PEARLS;SEASHELLS;9996.0;1
272900;Charlie;Paris;BANANAS;SEASHELLS;4822.0;1
273100;Charlie;Pablo;BANANAS;SEASHELLS;4824.0;2
273200;Paris;Charlie;PEARLS;SEASHELLS;10002.0;1
273300;Charlie;Paris;PEARLS;SEASHELLS;9995.0;1
273300;Charlie;Paris;BANANAS;SEASHELLS;4823.0;1
273400;Caesar;Caesar;COCONUTS;SEASHELLS;7898.0;51
273900;Paris;Camilla;BERRIES;SEASHELLS;3869.0;4
274100;Charlie;Pablo;BANANAS;SEASHELLS;4825.0;4
274200;Charlie;Gary;BANANAS;SEASHELLS;4824.0;14
274200;Caesar;Gary;BANANAS;SEASHELLS;4824.0;1
274400;Caesar;Caesar;PINA_COLADAS;SEASHELLS;14853.0;27
275000;Paris;Camilla;PEARLS;SEASHELLS;10002.0;1
275200;Penelope;Caesar;PEARLS;SEASHELLS;10004.0;2
275400;Charlie;Pablo;PINA_COLADAS;SEASHELLS;14848.0;14
275400;Charlie;Peter;PINA_COLADAS;SEASHELLS;14848.0;3
275500;Charlie;Penelope;BANANAS;SEASHELLS;4824.0;2
275700;Charlie;Pablo;PEARLS;SEASHELLS;9998.0;3
275800;Paris;Charlie;PEARLS;SEASHELLS;10005.0;2
275800;Paris;Charlie;BANANAS;SEASHELLS;4831.0;2
275800;Camilla;Penelope;PEARLS;SEASHELLS;9998.0;5
275900;Charlie;Pablo;PEARLS;SEASHELLS;9998.0;3
276000;Camilla;Paris;DIVING_GEAR;SEASHELLS;99965.0;2
276300;Paris;Camilla;BERRIES;SEASHELLS;3869.0;9
276300;Charlie;Paris;BANANAS;SEASHELLS;4826.0;1
276400;Paris;Charlie;BANANAS;SEASHELLS;4831.0;1
276900;Charlie;Pablo;PEARLS;SEASHELLS;9998.0;4
276900;Paris;Camilla;BERRIES;SEASHELLS;3869.0;10
276900;Caesar;Paris;BANANAS;SEASHELLS;4825.0;1
277200;Charlie;Pablo;PEARLS;SEASHELLS;9998.0;4
277500;Penelope;Camilla;BANANAS;SEASHELLS;4830.0;2
277600;Caesar;Penelope;PEARLS;SEASHELLS;9996.0;1
277800;Charlie;Caesar;BANANAS;SEASHELLS;4828.0;2
278200;Paris;Charlie;BANANAS;SEASHELLS;4832.0;1
278300;Charlie;Camilla;DIVING_GEAR;SEASHELLS;99991.0;3
278300;Paris;Charlie;PEARLS;SEASHELLS;10002.0;1
278500;Charlie;Paris;BANANAS;SEASHELLS;4826.0;1
278600;Pablo;Paris;BANANAS;SEASHELLS;4830.0;1
278900;Pablo;Charlie;PEARLS;SEASHELLS;10002.0;4
279000;Camilla;Paris;DIVING_GEAR;SEASHELLS;99972.0;3
279100;Charlie;Paris;DIVING_GEAR;SEASHELLS;99964.0;2
279100;Charlie;Paris;PEARLS;SEASHELLS;9998.0;1
279200;Paris;Charlie;BANANAS;SEASHELLS;4830.0;1
279400;Camilla;Paris;PEARLS;SEASHELLS;9998.0;1
279400;Camilla;Paris;BANANAS;SEASHELLS;4825.0;1
279400;Camilla;Paris;BANANAS;SEASHELLS;4826.0;1
279500;Caesar;Paris;BANANAS;SEASHELLS;4825.0;1
279800;Charlie;Paris;BANANAS;SEASHELLS;4824.0;1
280000;Penelope;Caesar;BANANAS;SEASHELLS;4829.0;1
280100;Paris;Camilla;BANANAS;SEASHELLS;4828.0;1
280700;Charlie;Pablo;PEARLS;SEASHELLS;9998.0;4
280800;Camilla;Gary;BERRIES;SEASHELLS;3856.0;20
280900;Charlie;Paris;BANANAS;SEASHELLS;4824.0;1
281000;Paris;Camilla;BANANAS;SEASHELLS;4829.0;1
281100;Charlie;Gary;PEARLS;SEASHELLS;9996.0;8
281100;Charlie;Paris;BANANAS;SEASHELLS;4824.0;1
281100;Caesar;Gary;PEARLS;SEASHELLS;9996.0;2
281200;Caesar;Penelope;BANANAS;SEASHELLS;4824.0;2
281300;Paris;Charlie;PEARLS;SEASHELLS;10002.0;1
281400;Charlie;Paris;DIVING_GEAR;SEASHELLS;99967.0;1
281500;Paris;Camilla;DIVING_GEAR;SEASHELLS;99972.0;2
281800;Charlie;Paris;PEARLS;SEASHELLS;9998.0;1
281800;Charlie;Paris;PEARLS;SEASHELLS;9995.0;2
281800;Charlie;Paris;BANANAS;SEASHELLS;4824.0;2
281900;Penelope;Camilla;BERRIES;SEASHELLS;3860.0;12
282300;Paris;Charlie;BANANAS;SEASHELLS;4831.0;2
282300;Paris;Charlie;PEARLS;SEASHELLS;10005.0;2
283000;Paris;Camilla;BANANAS;SEASHELLS;4831.0;1
283300;Camilla;Paris;DIVING_GEAR;SEASHELLS;99978.0;2
283400;Caesar;Caesar;COCONUTS;SEASHELLS;7893.0;59
283800;Gina;Charlie;BANANAS;SEASHELLS;4831.0;8
283900;Charlie;Paris;BANANAS;SEASHELLS;4827.0;1
284100;Camilla;Gary;BERRIES;SEASHELLS;3853.0;10
284200;Caesar;Caesar;PINA_COLADAS;SEASHELLS;14833.0;29
284300;Charlie;Paris;BANANAS;SEASHELLS;4827.0;1
284700;Camilla;Paris;BANANAS;SEASHELLS;4827.0;1
284700;Charlie;Paris;DIVING_GEAR;SEASHELLS;99973.0;1
285000;Charlie;Camilla;DIVING_GEAR;SEASHELLS;99962.0;2
285300;Penelope;Charlie;BERRIES;SEASHELLS;3859.0;13
285300;Charlie;Paris;PEARLS;SEASHELLS;9998.0;1
285500;Pablo;Charlie;PEARLS;SEASHELLS;10002.0;3
285600;Paris;Camilla;PEARLS;SEASHELLS;10002.0;1
285700;Paris;Charlie;BANANAS;SEASHELLS;4832.0;1
285700;Penelope;Charlie;BANANAS;SEASHELLS;4833.0;7
285800;Paris;Camilla;DIVING_GEAR;SEASHELLS;99958.0;3
286000;Penelope;Camilla;BERRIES;SEASHELLS;3858.0;12
286200;Charlie;Paris;BANANAS;SEASHELLS;4826.0;1
286300;Penelope;Caesar;PEARLS;SEASHELLS;10004.0;1
286300;Penelope;Charlie;PEARLS;SEASHELLS;10004.0;7
286500;Penelope;Charlie;BANANAS;SEASHELLS;4833.0;12
286500;Paris;Caesar;PEARLS;SEASHELLS;10002.0;1
286700;Paris;Charlie;PEARLS;SEASHELLS;10002.0;1
286900;Paris;Charlie;DIVING_GEAR;SEASHELLS;99957.0;3
287200;Pablo;Charlie;PEARLS;SEASHELLS;10002.0;5
287400;Paris;Charlie;BANANAS;SEASHELLS;4832.0;1
287500;Charlie;Paris;BANANAS;SEASHELLS;4827.0;1
287500;Charlie;Paris;DIVING_GEAR;SEASHELLS;99938.0;3
287500;Charlie;Paris;PEARLS;SEASHELLS;9998.0;1
287600;Caesar;Peter;COCONUTS;SEASHELLS;7894.0;10
287600;Paris;Camilla;BERRIES;SEASHELLS;3860.0;3
287600;Paris;Camilla;BANANAS;SEASHELLS;4831.0;1
287600;Charlie;Penelope;PEARLS;SEASHELLS;9995.0;8
287900;Charlie;Paris;BANANAS;SEASHELLS;4827.0;1
288600;Paris;Camilla;DIVING_GEAR;SEASHELLS;99963.0;2
288700;Charlie;Penelope;BANANAS;SEASHELLS;4825.0;11
288900;Paris;Pablo;PEARLS;SEASHELLS;9998.0;1
289000;Charlie;Paris;PEARLS;SEASHELLS;9998.0;1
289000;Penelope;Charlie;BANANAS;SEASHELLS;4832.0;7
289400;Charlie;Paris;BANANAS;SEASHELLS;4825.0;1
289600;Paris;Camilla;BANANAS;SEASHELLS;4830.0;1
289700;Gary;Charlie;PEARLS;SEASHELLS;10005.0;11
289800;Pablo;Charlie;PEARLS;SEASHELLS;10002.0;3
289800;Paris;Charlie;PEARLS;SEASHELLS;10002.0;1
290000;Peter;Charlie;PINA_COLADAS;SEASHELLS;14828.0;5
290200;Paris;Charlie;DIVING_GEAR;SEASHELLS;99958.0;3
290300;Camilla;Charlie;DIVING_GEAR;SEASHELLS;99953.0;1
290400;Penelope;Camilla;BANANAS;SEASHELLS;4831.0;6
290700;Charlie;Peter;PINA_COLADAS;SEASHELLS;14827.0;2
290800;Caesar;Paris;BANANAS;SEASHELLS;4828.0;1
290800;Caesar;Paris;PEARLS;SEASHELLS;9996.0;1
291300;Charlie;Peter;COCONUTS;SEASHELLS;7901.0;7
292300;Pablo;Charlie;PEARLS;SEASHELLS;10002.0;2
292300;Camilla;Paris;BANANAS;SEASHELLS;4829.0;1
292400;Charlie;Pablo;PEARLS;SEASHELLS;9998.0;4
292400;Paris;Caesar;BANANAS;SEASHELLS;4834.0;1
292600;Penelope;Charlie;BANANAS;SEASHELLS;4834.0;8
292700;Paris;Charlie;BANANAS;SEASHELLS;4834.0;2
292700;Charlie;Camilla;DIVING_GEAR;SEASHELLS;99977.0;2
292700;Paris;Caesar;PEARLS;SEASHELLS;10004.0;1
292800;Caesar;Gary;PEARLS;SEASHELLS;9996.0;1
293000;Paris;Charlie;DIVING_GEAR;SEASHELLS;99961.0;1
293300;Charlie;Gary;BANANAS;SEASHELLS;4828.0;12
293600;Paris;Charlie;BANANAS;SEASHELLS;4835.0;1
293600;Paris;Caesar;PEARLS;SEASHELLS;10004.0;1
293900;Gary;Paris;PEARLS;SEASHELLS;9998.0;1
294100;Camilla;Paris;PEARLS;SEASHELLS;9998.0;1
294100;Camilla;Paris;BANANAS;SEASHELLS;4829.0;1
294100;Camilla;Camilla;DIVING_GEAR;SEASHELLS;99958.0;1
294500;Caesar;Paris;PEARLS;SEASHELLS;9996.0;1
294500;Charlie;Paris;BANANAS;SEASHELLS;4829.0;1
294600;Charlie;Paris;PEARLS;SEASHELLS;9998.0;1
294600;Charlie;Pablo;BANANAS;SEASHELLS;4830.0;1
294700;Charlie;Peter;COCONUTS;SEASHELLS;7906.0;9
294700;Charlie;Penelope;PEARLS;SEASHELLS;9996.0;4
294700;Caesar;Penelope;PEARLS;SEASHELLS;9996.0;2
294800;Charlie;Paris;DIVING_GEAR;SEASHELLS;99933.0;1
294900;Camilla;Paris;BERRIES;SEASHELLS;3851.0;1
295200;Paris;Charlie;BANANAS;SEASHELLS;4836.0;2
295200;Paris;Charlie;BANANAS;SEASHELLS;4835.0;1
295200;Paris;Caesar;PEARLS;SEASHELLS;10004.0;1
295200;Paris;Charlie;PEARLS;SEASHELLS;10004.0;1
295400;Paris;Charlie;BANANAS;SEASHELLS;4836.0;2
295400;Paris;Caesar;PEARLS;SEASHELLS;10004.0;1
295800;Charlie;Gary;BANANAS;SEASHELLS;4831.0;14
295800;Paris;Camilla;BANANAS;SEASHELLS;4836.0;1
295900;Paris;Camilla;PEARLS;SEASHELLS;10002.0;1
296000;Paris;Camilla;PEARLS;SEASHELLS;10002.0;1
296000;Paris;Camilla;BANANAS;SEASHELLS;4836.0;1
296100;Caesar;Paris;BANANAS;SEASHELLS;4832.0;1
296300;Paris;Camilla;BERRIES;SEASHELLS;3858.0;2
296700;Paris;Charlie;BANANAS;SEASHELLS;4837.0;1
296800;Charlie;Paris;BANANAS;SEASHELLS;4833.0;1
296900;Charlie;Gary;BANANAS;SEASHELLS;4833.0;17
297000;Caesar;Caesar;COCONUTS;SEASHELLS;7908.0;61
297100;Paris;Camilla;PEARLS;SEASHELLS;10002.0;2
297100;Paris;Camilla;BANANAS;SEASHELLS;4837.0;2
297200;Peter;Charlie;PINA_COLADAS;SEASHELLS;14855.0;2
297200;Pablo;Charlie;BANANAS;SEASHELLS;4837.0;5
297400;Caesar;Caesar;COCONUTS;SEASHELLS;7907.0;54
297400;Caesar;Caesar;COCONUTS;SEASHELLS;7907.0;2
298100;Charlie;Paris;BANANAS;SEASHELLS;4832.0;1
298400;Penelope;Camilla;PEARLS;SEASHELLS;10002.0;2
298500;Paris;Camilla;DIVING_GEAR;SEASHELLS;99888.0;1
298500;Pablo;Charlie;BANANAS;SEASHELLS;4835.0;1
298600;Camilla;Paris;BANANAS;SEASHELLS;4831.0;1
298600;Camilla;Camilla;DIVING_GEAR;SEASHELLS;99881.0;2
298700;Caesar;Paris;PEARLS;SEASHELLS;9996.0;1
298700;Caesar;Paris;BANANAS;SEASHELLS;4833.0;1
298800;Gina;Pablo;BANANAS;SEASHELLS;4832.0;4
298800;Gina;Charlie;BANANAS;SEASHELLS;4835.0;9
